2916 5062
604 457 606 462 ⁴
640 503 658 560 5

121 665 162 724 eis
184 664 255 740 ipsis
277 663 461 738 temporibus
483 682 552 722 cum
572 663 667 722 Roma
688 655 833 739 effugerat
854 664 882 722 in
902 667 1188 741 castrasuarecepe·

121 764 169 821 rit.
191 762 263 820 Erat
284 764 385 820 antem
405 760 519 820 Aristio
541 763 694 837 tyrannus,
717 761 1187 837 qniiraetfuroreinflammatus

122 861 243 932 Sullam,
276 859 425 919 maledicis
457 859 493 918 de
520 878 611 918 uxore
634 859 772 918 conviciis
795 859 918 935 aliisque
940 860 1188 919 insinuationibus

121 960 198 1018 inter
219 959 471 1035 oppugnationem
493 957 529 1016 de
550 956 705 1016 moenibus
727 958 877 1029 eructatia
900 957 1042 1016 irritando
1065 959 1189 1017 delecta·

121 1061 171 1116 tus
192 1061 246 1129 est,
268 1060 303 1116 ut
323 1056 450 1127 ridetur,
473 1075 541 1114 cum
563 1056 652 1114 sciret
673 1055 785 1114 Sullam
806 1056 942 1115 Metellae
953 1056 1186 1115 amantissimum

121 1156 213 1215 fnisse
226 1154 259 1227 ¹).
282 1155 408 1214 Senecae
430 1154 527 1214 verbis
548 1153 676 1212 laudatis
698 1154 770 1211 nihil
782 1153 862 1212 aliud
873 1154 950 1212 inest
962 1153 1019 1212 nisi
1030 1153 1189 1214 Aristionis

121 1253 264 1311 maledica
285 1252 416 1312 convicia
436 1251 572 1328 repetita,
594 1270 670 1327 quae
691 1270 761 1310 vero
783 1252 863 1310 omni
884 1251 1061 1311 auctoritate
1079 1255 1187 1313 carent.

122 1351 235 1410 Sullam
265 1350 401 1409 Metellae
429 1369 524 1426 usque
556 1349 593 1408 ad
624 1353 749 1408 mortem
782 1349 916 1408 deditum
937 1349 1028 1408 fuisse
1050 1354 1189 1426 apparet3

121 1449 152 1507 in
183 1468 248 1507 eam
274 1466 391 1508 omnem
412 1466 543 1507 amorem
565 1450 595 1506 et
615 1465 717 1507 omnes
739 1466 824 1507 curas
847 1467 1004 1524 congerere
1026 1468 1189 1525 numquam

122 1554 218 1612 desiit.
251 1541 443 1629 ,Mergitur
468 1545 501 1606 ἐν
526 1553 602 1606 πᾶσι
627 1547 813 1626 θεραπεύων
834 1541 1035 1626 defatiscor
1059 1553 1100 1612 ait
1121 1550 1188 1612 Plu-

122 1652 287 1726 tarchus2).
330 1652 374 1711 Ob
406 1672 471 1711 eam
501 1651 646 1727 imprimis
678 1651 751 1710 iram
783 1671 868 1711 suam
898 1653 928 1709 in
949 1652 1132 1711 Aristionem
1160 1654 1190 1710 et

121 1749 316 1810 Athenienses
339 1751 452 1822 effudit,
472 1750 507 1808 ab
529 1749 575 1808 his
596 1768 655 1808 non
676 1749 712 1807 ab
734 1750 784 1808 illa
805 1769 915 1826 poenas
936 1750 1044 1810 sumsit
1054 1750 1088 1824 ³).

161 1848 240 1907 Huic
261 1868 398 1924 magnam
419 1853 534 1926 partem
556 1847 703 1907 bonorum
720 1848 957 1925 proscriptorum
972 1849 1048 1908 dono
1061 1847 1141 1907 dedit
1154 1846 1189 1920 4),

121 1947 151 2004 in
182 1947 271 2006 huius
303 1948 487 2023 sepulturam
518 1948 635 2005 tantum
658 1950 811 2022 sumptum
833 1947 978 2023 impendit
998 1948 1035 2021 (a.
1059 1947 1132 2021 810),
1155 1948 1190 2004 ut

59 2115 61 2119 Ι
122 2044 245 2104 modum
276 2045 385 2104 talibus
416 2045 505 2104 rebus
536 2044 601 2119 lege
630 2043 666 2102 ab
688 2044 753 2120 ipso
775 2045 844 2104 data
864 2045 1082 2121 praescriptum
1101 2044 1189 2118 longe
1215 2063 1217 2072 ’

123 2142 325 2215 excesserim).
366 2144 438 2202 Plus
471 2143 560 2202 etiam
592 2143 691 2201 valent
716 2142 753 2201 ad
774 2142 1036 2202 demonstrandum
1059 2160 1189 2200 amorem

121 2240 257 2299 Metellae
279 2261 322 2312 ea,
344 2261 419 2318 quae
448 2241 483 2300 de
506 2241 620 2302 somnio
643 2239 781 2317 quodam,
804 2240 885 2316 quod
907 2240 1011 2300 morbo
1034 2242 1189 2314 correptus

122 2339 152 2395 in
170 2339 344 2410 Puteolano,
360 2340 406 2398 die
419 2343 578 2416 antequam
590 2361 605 2400 e
616 2339 678 2400 vita
690 2338 824 2410 excessit,
837 2338 912 2398 vidit
923 2341 952 2397 et
965 2336 1189 2397 Commentariis

123 2437 290 2508 mandavit,
313 2457 347 2496 ex
368 2438 419 2496 illo
441 2439 555 2498 somnio
575 2439 626 2515 pia
647 2437 789 2497 memoria
810 2455 877 2495 cum
891 2436 991 2496 uxoris
1002 2436 1061 2494 iam
1073 2434 1189 2494 duobus

122 2534 205 2593 annis
237 2537 303 2593 ante
335 2537 479 2607 mortuae,
505 2539 570 2595 turn
591 2536 675 2595 filioli
697 2534 824 2594 Cornelii
845 2554 955 2593 annum
976 2537 1043 2592 ante
1065 2535 1189 2591 matrem

121 2632 262 2704 defuncti,
284 2633 440 2692 manifesta
460 2635 503 2693 fir.
546 2634 603 2705 Qui
624 2634 733 2692 filiolus
754 2633 896 2692 iamfato
918 2633 1092 2708 perfunctus
1113 2633 1190 2689 nutu

121 2735 238 2806 patrem
266 2731 303 2789 ad
324 2751 354 2791 se
375 2751 481 2792 vocare
502 2733 583 2792 visus
606 2736 651 2791 est
671 2733 868 2808 hortatusque
890 2751 954 2791 esse
974 2734 1009 2789 ut
1031 2749 1132 2790 secum
1153 2729 1190 2787 ad

123 2840 249 2887 matrem
270 2830 335 2900 iret,
357 2834 391 2889 ut
413 2830 509 2889 denuo
532 2830 682 2889 coniuncti
703 2830 733 2888 in
754 2831 853 2889 nescio
865 2850 924 2906 qua
940 2828 1098 2889 solitudine
1110 2831 1190 2886 tran-

123 2927 213 3002 quille
244 2927 336 2986 vitam
368 2927 552 3002 degerentss).
596 2928 682 2998 Quod
713 2929 860 2988 somnium
892 2929 955 3005 ipse
983 2927 1065 2986 Sulla
1085 2926 1190 2985 mortis

123 3044 192 3083 mox
223 3025 279 3083 sibi
300 3025 477 3100 obrepturae
499 3026 711 3086 documentum
733 3026 851 3085 duxisse
874 3026 999 3085 videtur.
1042 3024 1125 3083 Idem
1146 3024 1188 3081 in-

124 3123 271 3181 somnium
292 3122 411 3182 brevius
434 3123 485 3182 sed
505 3144 611 3200 parum
632 3127 711 3183 recte
732 3123 768 3182 ab
790 3121 928 3200 Appiano
946 3123 1090 3182 traditum
1101 3125 1146 3181 est
1158 3122 1190 3195 ⁷);

124 3220 237 3279 Sullam
265 3240 370 3296 nempe
392 3221 481 3280 deum
502 3241 533 3280 se
554 3225 709 3280 vocantem
730 3221 848 3282 vidisse.
880 3221 993 3280 Plinius
1015 3239 1134 3296 quoque
1155 3219 1190 3278 de

124 3337 158 3377 eo
189 3318 368 3377 mentionem
400 3318 516 3391 fecitss).
560 3320 624 3390 Quo
657 3319 746 3380 modo
777 3320 890 3379 sactum
918 3319 966 3390 sit,
987 3321 1023 3377 ut
1044 3317 1191 3378 somnium

121 3416 196 3473 illud
232 3416 263 3473 in
295 3416 520 3476 Commentariis
553 3417 719 3493 consignari
745 3419 879 3494 potuerit
909 3417 985 3475 infra
1015 3416 1189 3476 videbimus

124 3513 245 3573 Praeter
266 3534 392 3590 parvum
414 3514 592 3585 Cornelium,
615 3516 666 3591 qui
677 3535 753 3574 anno
766 3515 818 3573 82⁰
833 3515 915 3587 obiit,
926 3514 1046 3573 Metella
1057 3514 1190 3589 geminos

125 3612 237 3687 genuit,
260 3631 389 3688 quorum
410 3612 496 3672 alteri
516 3613 646 3672 Faustus
659 3632 766 3672 nomen
778 3616 849 3685 erat,
862 3614 954 3672 altera
964 3613 1075 3671 Fausta
1085 3613 1191 3672 vocata

163 3849 181 3913 ¹)
215 3859 283 3906 Plut.
310 3857 371 3906 Sull.
401 3861 440 3906 13.
460 3883 490 3892 -
512 3850 614 3913 ”llbid
634 3862 656 3904 6.
676 3882 707 3891 -
727 3849 830 3912 ⁸)1bie.
850 3856 1147 3915 133Plur.de(tarru1.
1167 3857 1190 3914 7,

124 3943 221 4001 (Didot,
239 3959 263 4004 p.
283 3941 349 3999 611).
369 3969 399 3977 -
412 3935 430 3998 ⁴)
448 3944 512 3990 Plin.
532 3945 562 3990 N.
580 3944 611 3990 Η.
629 3944 738 3998 XXXVI,
758 3944 821 3988 116:
841 3941 959 3996 „Metella
975 3942 1190 4001 proscriptionum

123 4028 242 4077 sectrix’t
259 4055 287 4064 -
310 4021 329 4084 ⁶)
347 4029 414 4075 Plut.
434 4029 504 4075 Sulla
522 4031 561 4077 35.
582 4055 610 4063 -
632 4020 651 4083 ⁶)
668 4028 733 4074 Ibid.
748 4028 779 4074 37
799 4021 860 4085 „roo
869 4019 927 4067 υἱὸν
937 4019 1022 4067 αὐτοῦ
1032 4019 1190 4083 τεθνηκότα

124 4109 218 4174 μικρὸν
237 4106 391 4173 ἔμπροσθεν
409 4111 457 4171 τῆς
476 4105 617 4171 Μετέλλης
635 4109 752 4170 φανῆναι
771 4106 841 4152 κατὰ
858 4106 920 4161 τοὺς
938 4104 1035 4160 ὕπνους
1052 4104 1079 4152 ἓν
1092 4104 1190 4168 ἐσθῆτι

124 4191 214 4255 φαύλῃ
233 4192 394 4258 παρεστῶτα
415 4193 460 4238 καὶ
480 4190 610 4260 deciperes
628 4191 678 4239 τοῦ
688 4191 790 4256 πατρὸς
800 4188 961 4238 παύσασθαι
969 4189 1023 4237 τῶν
1032 4187 1189 4255 φροντίδων,

126 4277 204 4325 ἰόντα
222 4277 270 4325 σὺν
288 4275 363 4342 αὐτῷ
380 4278 454 4343 παρὰ
471 4277 521 4340 τὴν
539 4275 642 4342 μητέρα
660 4272 806 4323 Μετέλλαν
816 4274 842 4322 ἰν
853 4274 951 4339 ἡσυχίᾳ
961 4276 1006 4321 καὶ
1016 4272 1190 4340 ἀπραγμόνως

126 4365 177 4426 ζῆν
194 4360 254 4421 μετ’
276 4360 369 4426 αὐτῆς.
391 4394 419 4405 -
443 4359 460 4424 ⁷)
478 4368 542 4430 App.
560 4367 589 4415 a.
608 4368 634 4416 c.
652 4367 673 4426 1,
693 4367 748 4414 105.
769 4391 798 4401 -
820 4357 1188 4424 ⁸re1n.n.u.v1‚1e,aa.
