2916 5062
661 451 738 545 'r

193 639 294 702 Cicero
326 663 403 703 anno
435 645 488 703 54⁰
519 644 547 702 in
580 644 770 705 celeberrimo
802 646 911 705 iudicio
946 665 1065 705 causam
1098 645 1213 719 dixerit,
1246 666 1262 704 e

191 741 365 816 fragmentis
397 742 539 801 orationis
571 742 607 800 ab
640 762 674 802 eo
707 747 779 802 tuuc
809 744 927 803 habitae
960 744 1049 803 etiam
1081 763 1184 803 verum
1214 743 1262 802 avi

192 858 298 898 nomen
321 839 510 914 cognoscitur
523 840 554 914 ¹).
580 840 646 898 Hoc
667 860 778 900 novum
800 840 899 899 Sullae
921 841 1144 899 matrimonium
1166 841 1262 901 homi-

192 955 242 994 nes
264 939 352 1012 turpe
373 936 534 1012 putabant;
557 938 736 996 Plutarchus
758 941 938 1009 auctorest,
960 938 1145 1014 plebeculam
1157 958 1261 997 versus

192 1033 221 1090 in
251 1053 318 1091 eum
339 1034 443 1092 fecisse
466 1035 636 1110 multosque
658 1036 737 1094 viros
759 1035 873 1095 nobiles
895 1055 982 1110 aegre
1004 1035 1077 1093 illud
1099 1036 1204 1094 tulisse
1227 1037 1261 1110 2).

192 1130 290 1190 Etiam
322 1130 481 1190 Sallustius
513 1132 601 1190 huius
631 1134 812 1192 matrimonii
840 1135 1019 1209 pravitatem
1040 1137 1154 1192 tantam
1177 1134 1262 1191 duxit

192 1232 235 1300 ut,
268 1229 404 1305 quamvis
437 1249 532 1306 pauca
562 1231 597 1288 de
626 1229 724 1289 Sullae
753 1231 886 1291 moribus
908 1231 1066 1290 memoriae
1087 1231 1261 1307 prodiderit,

193 1327 256 1385 eius
277 1329 320 1386 rei
340 1330 440 1385 tamen
451 1329 630 1388 mentionem
641 1329 758 1388 fecerit:
784 1334 994 1405 ,numquam”,
1007 1329 1048 1387 311
1056 1330 1088 1402 ³),
1105 1330 1261 1405 ,voluptas

196 1444 281 1496 ,eum
313 1429 461 1485 remorata
492 1429 538 1485 est
569 1426 605 1484 ab
637 1427 774 1502 negotiis,
803 1428 860 1486 nisi
889 1427 970 1503 quod
992 1427 1027 1486 de
1048 1445 1140 1486 uxore
1161 1427 1262 1502 potuit

197 1522 367 1591 „honestius
399 1524 542 1586 consuli.''
586 1524 711 1583 Causam
733 1525 775 1582 rei
796 1525 930 1583 nonnulli
952 1525 981 1582 in
1003 1544 1037 1583 ea
1058 1544 1089 1583 re
1111 1523 1262 1600 quaesive-

193 1623 273 1691 runt,
296 1621 376 1696 quod
396 1622 517 1680 Metella
537 1625 660 1698 propter
681 1641 777 1681 mores
799 1623 876 1681 mele
898 1622 1024 1693 audiret,
1042 1622 1093 1680 sed
1104 1621 1162 1680 ista
1174 1641 1263 1680 causa

193 1737 263 1777 vera
294 1737 357 1778 esse
387 1739 445 1778 non
466 1722 567 1795 potest
587 1739 682 1796 neque
704 1721 762 1779 tale
785 1721 858 1796 quid
879 1720 992 1779 Romae
1014 1719 1055 1778 eis
1076 1719 1263 1795 temporibus

195 1815 293 1875 Sullae
314 1835 423 1892 magno
450 1817 586 1877 dedecori
606 1818 742 1876 habitum
763 1819 855 1877 luisse
877 1819 1055 1878 credendum
1077 1821 1138 1889 est;
1160 1817 1262 1892 potius

195 1914 333 1972 iniuriam
356 1934 415 1990 qua
437 1915 565 1973 Coeliam
588 1916 685 1974 affecit
707 1916 849 1991 argueris.
880 1963 882 1968 .

235 2012 300 2070 Hac
332 2011 363 2069 in
393 2032 424 2070 re
457 2012 568 2071 Sullam
601 2014 689 2072 talem
722 2014 751 2070 in
784 2013 846 2073 vita
867 2014 983 2089 privata
1005 2013 1262 2090 deprehendimus

195 2111 312 2186 qualem
335 2129 451 2187 semper
472 2131 540 2170 euna
561 2111 591 2168 in
611 2111 673 2170 vita
694 2111 814 2186 publica
835 2130 865 2170 se
877 2111 1048 2187 praebuisse
1061 2115 1186 2181 constat,
1198 2110 1262 2168 libi-

194 2207 297 2266 diuum
329 2227 456 2280 servum,
489 2211 601 2284 quanto
624 2209 724 2267 dolore
746 2209 787 2267 eis
810 2209 1016 2268 satisfaciendo
1039 2209 1112 2267 alios
1135 2209 1264 2291 afficeret

194 2325 253 2365 non
276 2309 437 2364 curantem.
460 2303 560 2363 Animi
583 2305 669 2364 ardor
690 2307 783 2381 igitur
804 2326 870 2365 eum
892 2311 929 2366 ut
950 2307 1078 2365 Oceliam
1091 2306 1264 2383 repudiaret

195 2403 324 2461 incendit
345 2406 375 2461 et
395 2404 543 2479 voluptas
567 2405 623 2474 eui,
645 2405 743 2483 314311
765 2404 932 2476 Sallustius,
945 2404 1087 2476 indulsit;
1109 2404 1263 2463 nonlucro

196 2504 249 2560 aut
280 2501 503 2560 commodorum
526 2520 648 2560 suorum
671 2521 741 2560 cura
761 2502 924 2578 perductus
946 2502 976 2559 id
996 2501 1075 2560 fecit.
1119 2501 1205 2571 Quod
1226 2501 1264 2558 ad

195 2599 304 2656 famam
331 2599 467 2658 Metellae
488 2600 626 2675 pertinet,
649 2599 684 2658 de
706 2620 740 2658 ea
761 2598 870 2658 Seneca
892 2619 991 2658 severe
1013 2598 1164 2658 iudicavit.
1206 2598 1263 2656 Hic

197 2695 309 2772 ,Lucio
332 2696 460 2768 Sullae‘’,
482 2698 532 2769 ait,
558 2697 689 2769 ,felicius
712 2697 737 2756 si
757 2717 816 2757 non
836 2698 988 2756 habuisset
999 2716 1132 2768 uxorem,
1144 2697 1264 2755 Metella

200 2794 344 2865 ,coniunx
376 2795 474 2870 palam
496 2798 559 2853 erat
579 2795 729 2870 impudica
750 2799 781 2854 et
801 2795 871 2871 quia
891 2795 1043 2855 novissimi
1064 2795 1141 2853 mala
1162 2797 1264 2853 nostra

197 2892 347 2964 discimus,
378 2892 409 2949 id
439 2892 565 2951 Athenis
598 2892 773 2952 cantabatur
803 2895 833 2952 et
859 2892 941 2951 Sulla
962 2891 1127 2967 ignorabat,
1149 2895 1263 2950 secreta

198 2989 324 3066 ,domus
356 2974 426 3048 suad
457 2991 586 3066 primum
617 2991 749 3050 hostium
771 2991 903 3050 convicio
925 2990 1091 3064 didicit”4).
1135 2989 1191 3048 Sed
1212 2990 1264 3048 illa

197 3087 288 3146 verba
318 3088 382 3163 ipsa
413 3091 588 3163 argumento
621 3092 691 3147 sunt
720 3089 850 3164 primum
882 3108 916 3147 33
947 3088 984 3146 ad
1011 3091 1145 3163 tempora
1166 3089 1262 3146 multo

197 3185 362 3261 posteriora
372 3185 528 3261 pertinere,
543 3206 601 3246 non
614 3186 705 3258 adea,
719 3205 795 3262 quae
811 3186 909 3245 Sullae
927 3186 1116 3244 matrimonio
1130 3204 1262 3260 praeces-

198 3283 298 3355 serint,
321 3283 388 3341 dein
409 3303 424 3342 e
446 3303 505 3359 quo
521 3284 602 3344 sente
614 3285 798 3343 manaverint
809 3285 874 3360 ipsa
885 3283 1055 3343 ostendunt.
1076 3284 1172 3343 Multo
1185 3284 1263 3342 enim

198 3385 276 3456 post,
300 3380 382 3439 Sulla
403 3381 432 3438 in
455 3380 577 3440 Graecia
598 3381 708 3441 bellum
725 3385 845 3456 gerente
856 3382 1048 3458 Athenasque
1060 3386 1262 3457 oppugnante,

198 3479 254 3550 hie,
276 3477 411 3550 Athenis,
432 3478 582 3537 Metellam
604 3479 700 3538 virum
719 3479 871 3539 absentem
882 3480 1019 3538 fefellisse
1030 3480 1108 3538 fama
1120 3479 1263 3555 dissipata

199 3580 257 3648 est;
279 3576 418 3634 nimirum
440 3576 591 3635 mendacia
611 3577 662 3634 illa
684 3582 767 3636 eraut
788 3578 824 3636 ab
837 3576 1067 3636 Atheniensibus
1080 3578 1164 3649 fieta3
1177 3579 1264 3654 quasi

200 3674 272 3733 certi
293 3673 455 3750 quidquam
477 3674 513 3733 de
534 3694 568 3733 ea
588 3694 619 3732 re
641 3694 676 3733 ex
691 3674 765 3734 urbe
777 3675 871 3734 Roma
883 3675 920 3733 ad
931 3679 1117 3751 oppugnatas
1129 3676 1262 3735 Athenas

200 3773 323 3830 allatum
354 3771 422 3830 sciri
453 3773 610 3848 potuisset,
641 3773 816 3848 praesertim
847 3793 914 3832 cum
946 3774 1028 3833 Sulla
1058 3773 1121 3849 ipse
1142 3775 1264 3833 3111313

200 3870 370 3943 audivisset,
403 3870 505 3930 audito
536 3891 572 3929 ne
603 3872 694 3930 ullam
726 3871 846 3947 quidem
873 3871 960 3931 fidem
982 3871 1119 3931 habuerit
1139 3891 1264 3948 eamque

199 4039 402 4050 .-----

236 4162 253 4225 ¹)
289 4170 339 4219 Cio.
357 4183 404 4231 pro
422 4171 524 4228 Scauro,
541 4184 566 4231 p.
577 4172 625 4218 217
635 4185 641 4229 ;
660 4171 789 4218 Drumann
806 4171 840 4228 II,
859 4184 883 4230 p.
895 4172 941 4229 37;
960 4171 1046 4230 Lange
1064 4172 1135 4218 Itbm.
1153 4172 1262 4231 Α11.ΙΙΙ,

198 4268 224 4316 p.
244 4257 298 4303 123.
318 4281 348 4289 -
370 4246 388 4310 a)
406 4256 473 4302 Plut.
491 4254 567 4314 Sulla,
593 4258 615 4304 6.
636 4264 665 4289 4
690 4246 708 4310 3)
726 4255 785 4302 Sall.
803 4255 867 4303 Bell.
889 4256 944 4316 Ing.
963 4257 1003 4313 95,
1022 4257 1044 4303 3.
1065 4281 1095 4289 —
1115 4248 1134 4311 ⁴)
1152 4258 1262 4304 Senecae

199 4341 229 4387 fr.
249 4342 288 4388 63.
