2916 5062
712 471 750 532 74

196 635 327 706 iussisse,
353 670 386 677 -
410 635 482 692 haec
504 632 603 692 omnia
624 652 746 708 prorsus
768 631 920 708 praeteriit
942 630 1110 690 Sallustius.
1154 631 1262 690 Contra

197 738 327 792 extrema
360 733 456 808 operis
488 735 572 807 parte
603 731 676 788 nihil
705 731 786 789 aliud
815 731 983 788 continetur
1004 730 1060 788 nisi
1081 749 1127 788 res
1149 749 1185 788 ex
1207 730 1263 788 alio

196 832 271 890 libro
304 832 488 906 desumptae,
521 829 569 888 cui
602 833 700 888 totum
733 849 763 888 se
795 829 885 887 dedit.
927 828 1004 886 Eum
1032 827 1142 886 librum
1170 828 1262 887 fuisse

197 930 294 988 Sullae
332 928 565 988 Commentarios
588 931 617 986 et
638 947 702 985 eam
723 930 839 1003 partem
862 926 960 984 Sullae
982 926 1080 1001 operis
1104 962 1137 969 —
1162 930 1266 985 nostra

197 1027 317 1100 quidem
339 1027 485 1085 sententia
508 1061 543 1068 -·
566 1025 647 1099 quod
669 1025 705 1083 ad
725 1026 849 1084 formam
873 1024 980 1082 attinet
1001 1024 1146 1082 rhetorice
1162 1024 1265 1099 ampli·

196 1127 323 1194 ficatam,
358 1124 408 1183 sed
441 1123 521 1196 quod
553 1123 590 1180 ad
617 1142 663 1181 res
686 1123 792 1181 attinet
813 1125 949 1180 accurate
971 1122 1103 1192 relatam,
1126 1122 1266 1180 extremis

198 1222 331 1280 Sallustii
364 1220 510 1296 capitibus
534 1220 556 1294 1)
585 1221 737 1291 contineri,
766 1221 825 1278 iam
846 1220 893 1277 hic
914 1219 974 1277 11111
996 1238 1087 1294 supra
1108 1219 1265 1294 apparuit3

196 1320 339 1379 nonnulla
359 1319 495 1395 pluribus
517 1318 614 1377 verbis
635 1319 774 1394 persequi
794 1318 887 1376 lubet.

237 1418 361 1475 Initium
383 1436 535 1475 sumamus
557 1437 574 1474 a
594 1436 696 1492 pugna
716 1417 775 1487 illa,
798 1435 873 1491 quae
895 1419 1039 1474 autumno
1062 1415 1130 1473 anni
1153 1415 1268 1474 1061111

198 1519 320 1590 receptu
352 1514 462 1574 Cirtam
490 1515 569 1573 facta
590 1518 644 1572 est.
686 1513 820 1588 Utraque
842 1514 905 1572 eius
926 1513 1031 1588 proelii
1053 1513 1215 1589 descriptio
1238 1516 1268 1572 et

199 1634 233 1672 ea
264 1633 353 1689 quam
375 1612 411 1670 ab
434 1612 538 1671 Orosio
561 1617 589 1671 et
611 1632 645 1670 ea
667 1631 756 1687 quam
778 1632 794 1669 a
816 1611 956 1670 Sallustio
978 1611 1183 1686 cognovimus,
1206 1631 1267 1669 ma·

196 1713 261 1786 gnis
292 1711 405 1770 lacunis
435 1711 559 1769 laborat.
602 1710 659 1768 Sed
690 1729 795 1786 operae
826 1710 956 1786 pretium
989 1712 1034 1768 est
1062 1729 1110 1769 eas
1132 1709 1212 1768 inter
1235 1729 1267 1769 se

197 1828 376 1884 comparare,
407 1828 474 1867 cum
501 1808 578 1866 levia
605 1808 712 1866 indicia
733 1807 893 1883 praebeant
914 1827 929 1866 e
951 1808 1060 1882 quibus
1081 1807 1269 1883 intellegitur

196 1910 231 1964 de
262 1909 366 1966 eisdem
397 1907 481 1971 rebus
513 1906 570 1980 agi,
593 1909 622 1964 et
644 1906 770 1964 alterum
791 1888 965 1980 scriptdrem
986 1905 1074 1980 longe
1096 1905 1153 1964 alio
1176 1906 1267 1964 modo

196 2012 285 2079 atque
316 2007 442 2063 alterum
473 2003 508 2062 de
540 2004 640 2062 eadem
673 2024 713 2074 re,
746 2023 821 2079 quae
852 2022 920 2061 vere
951 2003 1031 2061 facta
1059 2007 1112 2074 est,
1143 2003 1266 2062 dixisse.

197 2102 311 2160 Vitium
344 2102 441 2161 Orosii
471 2104 584 2160 erectori
611 2101 719 2175 (Livio)
740 2102 866 2160 fortasse
887 2101 985 2160 minus
1006 2100 1199 2159 tribuendum
1221 2105 1268 2161 est

199 2220 288 2275 quam
320 2200 362 2257 1111
383 2201 449 2275 ipsi,
471 2199 599 2274 quisue
621 2198 743 2257 arbitrio
765 2199 836 2257 alias
857 2218 903 2257 res
927 2198 1075 2274 copiosius
1097 2199 1267 2274 explicavit,

197 2298 267 2356 alias
301 2302 331 2356 et
362 2318 410 2356 eas
443 2298 632 2372 gravissimas
664 2297 781 2355 silentio
809 2297 894 2370 tegit.
936 2296 966 2354 11
988 2297 1023 2355 de
1044 2296 1142 2373 priore
1163 2315 1269 2372 pugna

198 2400 316 2454 tantum
341 2398 371 2453 et
392 2395 421 2452 id
443 2396 562 2471 quidem
584 2415 690 2470 parum
710 2395 796 2471 plene
818 2394 995 2469 disputavit,
1018 2395 1177 2453 Sallustius
1200 2414 1267 2470 pec·

199 2495 278 2553 cavit
310 2513 376 2552 cum
410 2494 565 2552 nonnullas
590 2512 636 2551 res
665 2492 810 2553 rhetorice
831 2493 862 2550 in
882 2493 977 2551 maius
999 2496 1131 2568 augeret,
1153 2513 1268 2568 quase

197 2592 295 2650 Sullae
317 2591 483 2650 narratione
504 2591 577 2666 ipsa,
599 2594 634 2649 ut
655 2591 773 2650 videtur
793 2591 852 2648 iam
873 2611 979 2666 pamm
1000 2591 1095 2667 plena,
1114 2591 1267 2663 hauserat,

195 2690 237 2747 ita
257 2692 293 2747 ut
313 2688 398 2763 gravi
418 2687 536 2759 iudicio,
559 2688 639 2764 quod
660 2687 732 2746 Ihne
754 2708 781 2746 v.
795 2689 829 2747 11.
842 2688 865 2762 2)
884 2688 920 2747 de
935 2707 969 2746 eo
981 2688 1060 2758 tulit,
1073 2687 1267 2764 dignissimus

196 2788 243 2846 sit.
285 2787 388 2845 Veluti
421 2786 569 2845 Romanos
601 2787 631 2843 in
663 2785 779 2844 duobus
809 2786 932 2845 collibus
955 2786 1090 2845 obsessos
1111 2787 1178 2845 luce
1200 2791 1268 2847 orta

196 2886 371 2962 necopinato
401 2904 455 2959 per
485 2884 597 2943 medios
628 2885 729 2942 hostes
760 2903 950 2961 perrumpere
979 2889 1100 2944 conatos
1122 2904 1196 2957 esse,
1218 2886 1265 2945 his

196 2985 292 3043 verbis
324 2983 465 3042 describit
485 2982 519 3056 3).
565 2982 693 3052 „Deinde
716 3025 723 3039 .
747 3027 753 3039 .
777 3027 783 3039 .
807 3026 813 3039 .
840 2982 961 3041 defessis
989 2983 1048 3040 iam
1069 2983 1206 3042 hostibus
1229 3003 1263 3043 ac

199 3083 304 3158 ,paulo
328 3085 394 3140 ante
417 3099 520 3140 somno
540 3080 643 3154 captis,
656 3080 691 3137 de
703 3080 863 3155 improviso
875 3081 989 3155 vigiles,
1001 3082 1072 3139 item
1084 3081 1263 3155 cohortium,

199 3184 380 3252 ,turmarum
411 3178 572 3252 legionum,
604 3178 751 3236 tubicines
783 3178 871 3236 simul
903 3198 1004 3238 omnes
1036 3179 1120 3254 signa
1148 3199 1262 3252 canere,

199 3278 323 3350 ,milites
346 3278 503 3335 clamorem
525 3277 628 3334 tollere
651 3280 739 3352 atque
761 3279 862 3351 portas
877 3297 1039 3353 erumpere.
1061 3278 1157 3336 Mauri
1171 3287 1262 3355 atque

199 3375 343 3447 ,Gaetuli
364 3375 468 3450 ignoto
491 3377 521 3432 et
542 3373 675 3432 horribili
697 3375 796 3432 sonitu
811 3378 931 3449 repente
943 3375 1040 3446 exciti,
1051 3395 1147 3452 neque
1158 3377 1262 3452 fugere

199 3492 309 3548 ,neque
331 3492 412 3530 arma
433 3491 536 3547 capere
558 3491 653 3547 neque
675 3472 794 3530 omnino
816 3473 911 3530 facere
933 3476 986 3531 aut
1006 3474 1161 3548 providere
1181 3475 1261 3551 quic·

199 3591 303 3647 ,quam
324 3573 491 3646 pote1·ant'’.
533 3570 625 3628 Recte
647 3569 719 3628 Ihne
740 3589 768 3628 1.
782 3570 816 3628 cl.
839 3570 884 3629 his
907 3571 1062 3631 adscribit:
1089 3573 1208 3644 ,Dieses
1222 3574 1261 3632 ist

199 3669 318 3740 ,baarer
338 3667 462 3726 Unsinn.
504 3667 584 3726 Aber
605 3687 665 3726 was
687 3688 748 3725 war
770 3667 821 3725 der
842 3668 991 3729 wirhliche
1012 3669 1199 3745 Vorgang?”

235 3766 351 3840 ineptia
381 3766 432 3822 illa
463 3765 490 3823 ei
520 3767 563 3823 rei
591 3765 748 3824 tribuenda
776 3785 838 3824 1111
860 3767 978 3826 videtur
999 3769 1080 3844 quod
1101 3769 1259 3829 Sallustius

195 3864 318 3922 verbum
350 3863 465 3952 Sullae,
488 3883 547 3938 quo
575 3864 675 3922 hostes
699 3864 797 3922 subito
820 3865 933 3940 impetu
954 3865 1157 3926 Romanomm
1178 3889 1259 3944 prae-

120 3991 122 3994 >
195 3966 355 4038 occupatos
387 3980 449 4020 1111
482 3961 667 4036 significavit,
699 3962 844 4021 rhetorice
876 3964 971 4034 auxit;
1001 3964 1052 4022 sed
1074 3984 1142 4024 oum
1164 3987 1258 4043 neque

195 4133 398 4141 —-———

230 4236 247 4298 11
266 4258 286 4290 1.
306 4245 429 4292 95-114.
449 4271 477 4279 -
500 4237 686 4300 91Ι111111ὂῐῐι.
706 4246 798 4301 Geseh.
816 4249 845 4304 V,
862 4261 887 4306 p.
906 4250 952 4294 160
971 4252 1056 4301 annot.
1078 4253 1100 4306 1,
1119 4277 1150 4286 -
1171 4246 1256 4308 ³)Sall.

195 4331 234 4389 99,
255 4330 276 4388 la
1102 4341 1105 4347 ’
