2916 5062
328 1210 494 1287 Conscripto
527 1209 620 1271 lilello
650 1211 833 1270 libentissime
865 1209 1022 1286 amplector
1049 1212 1220 1271 occasionem

152 1349 257 1433 aqenoli
285 1348 399 1423 matins
429 1364 517 1422 qnam
537 1347 684 1404 maximas
708 1345 792 1403 Vobis
812 1345 951 1421 omnibns,
970 1344 1036 1403 Viri
1055 1346 1220 1422 clarissimi,

150 1497 347 1538 sociossocios
378 1497 575 1537 marilianum
606 1496 795 1549 scomma,
827 1498 950 1555 qnorum
971 1479 1137 1537 lectionibus
1155 1479 1222 1553 frni

151 1614 223 1672 milii
243 1615 366 1690 contiqit.
700 1579 702 1584 Ι

195 1747 233 1804 Te
255 1748 425 1823 praecipue,
454 1740 693 1805 aestumatisslme
716 1747 874 1823 Promotor,
896 1746 1056 1805 clarissime
1077 1763 1220 1817 vitaras,

148 1881 237 1940 lando
262 1887 393 1955 propter
417 1880 559 1956 beneficio,
592 1900 666 1956 qnae
691 1881 827 1956 plurimo
857 1882 889 1938 in
911 1899 956 1938 me
976 1880 1129 1939 contulisti.
1176 1879 1219 1936 Ta

150 2015 226 2072 enim
243 2032 301 2088 pro
321 2032 435 2071 samma
461 2013 525 2072 Tna
547 2014 737 2072 benemlentia
758 2015 835 2071 niam
855 2013 929 2071 mili
948 2013 1147 2072 demonstrare
1161 2031 1219 2070 non

149 2148 221 2203 satis
249 2147 369 2222 olricisti,
391 2114 618 2205 demonstratam
634 2147 799 2222 patefecisti
820 2148 917 2205 etiam.
963 2147 1131 2222 Numquam
1154 2145 1220 2203 obli-

152 2282 247 2338 riscor
271 2272 425 2358 vqnantum
462 2288 544 2339 rasta
587 2281 651 2339 Tna
688 2282 830 2357 doctrino,
869 2286 1013 2356 qnoniam
1050 2281 1122 2337 comi
1157 2279 1221 2337 Tno

149 2412 330 2471 immanitate
357 2414 541 2488 profecerim.
585 2414 669 2472 Nihil
694 2415 785 2490 iqitnr
805 2415 905 2472 carias
925 2419 965 2470 est
986 2413 1058 2471 nint
1078 2432 1166 2489 qnam
1188 2419 1220 2470 nt

155 2544 220 2603 Tibi
235 2546 370 2620 publicos
390 2553 416 2604 et
437 2547 547 2605 debitos
565 2548 680 2624 qratias
701 2566 796 2624 aqam

191 2677 262 2736 Sam
281 2686 366 2755 qrato
387 2679 484 2737 animo
505 2698 574 2756 erqo
595 2686 621 2737 te
638 2698 755 2756 qnoque,
775 2681 820 2738 air
830 2680 989 2738 doctissime
1000 2695 1218 2749 nsnssssraor,

150 2817 320 2886 praeceptor
342 2812 559 2888 Leoaorolensis,
580 2813 631 2888 qai
647 2831 775 2887 pueram
790 2832 834 2871 mc
848 2813 952 2871 litteris
967 2813 1125 2889 metallini,
1137 2811 1219 2868 aolnl·

154 2949 215 3001 tam
251 2945 381 3002 amicitia
412 2947 525 3004 ornasti
555 2952 581 3002 et
611 2947 644 3003 in
674 2946 852 3022 corriyendis
883 2946 1043 3020 typotlrctao
1073 2944 1220 3002 errmibns

153 3078 270 3136 adiutor
290 3078 371 3137 leand
390 3080 571 3154 spernendas
591 3080 664 3138 milii
679 3086 799 3154 praesto
818 3079 912 3153 fuisti.
