2916 5062
795 489 850 546 124

287 653 415 711 niediam
447 651 538 708 aciem
571 650 676 709 Catulo
708 667 771 707 esse
793 647 886 706 datas
928 647 993 705 Hoc
1014 646 1142 703 Marium
1163 645 1228 704 ideo
1250 644 1358 702 fecisse

287 751 445 825 scripserat
468 747 558 816 Sulla,
581 751 616 805 ut
638 746 694 805 sibi
714 746 840 820 gloriam
862 744 1029 804 certaminis
1051 747 1081 802 et
1102 742 1242 801 victoriae
1264 760 1358 799 reser-

288 860 379 916 varet,
403 866 471 904 cum
494 845 625 904 crederet
645 845 708 903 fore
729 847 765 901 ut
786 844 815 900 in
837 846 983 901 extremas
1006 842 1082 899 acies
1104 841 1233 916 primum
1255 839 1358 897 incur-

286 949 385 1003 rerent
406 943 515 1002 hostes.
558 943 601 1000 De
624 962 658 1000 ea
678 961 709 999 re
731 941 821 998 etiarn
843 940 981 999 Catulum
1000 939 1151 1013 scripsisse
1168 939 1197 994 in
1209 956 1359 996 commen-

287 1043 371 1101 tariis
403 1046 433 1100 et
464 1041 591 1098 Marium
622 1039 812 1114 increpuisse,
845 1038 928 1096 addit
959 1037 1147 1106 Plutarchus,
1170 1035 1360 1095 sedularum

287 1148 332 1199 est
355 1160 422 1198 eum
443 1139 542 1214 ipsum
563 1139 617 1196 hos
639 1138 867 1195 commentarios
888 1154 947 1193 non
969 1133 1138 1210 inspexisse,
1162 1138 1191 1191 et
1209 1152 1244 1190 ex
1256 1131 1359 1190 Sullae

288 1238 370 1295 libris
402 1257 466 1295 eam
494 1255 555 1294 rem
579 1236 761 1310 cognovisse.
805 1233 917 1292 Cimbri
938 1230 1217 1308 appropinquabant
1238 1230 1360 1304 agmine

286 1335 448 1410 quadrato;
470 1333 616 1391 habehant
641 1333 747 1391 10000
769 1331 913 1406 equitum.

328 1433 406 1489 Plut.
437 1450 499 1506 cap.
529 1428 584 1489 26.
626 1431 742 1489 Horum
768 1432 902 1505 equitum
934 1429 1080 1504 impetum
1107 1428 1237 1503 primum
1259 1425 1360 1499 repul·

288 1548 354 1587 sum
376 1547 449 1597 esse,
473 1532 501 1586 et
524 1547 557 1585 ea
578 1547 609 1584 re
630 1528 748 1586 hostem
770 1546 833 1585 esse
848 1515 1066 1602 perturbatum,
1080 1525 1203 1582 adnotat
1222 1523 1359 1582 Orosius

288 1626 467 1685 Plutarchus
499 1644 618 1700 quoque
640 1625 675 1682 de
697 1625 833 1700 equitum
854 1624 969 1699 impetu
991 1623 1062 1698 agit,
1085 1623 1157 1680 dicit
1179 1640 1229 1680 eos
1252 1638 1361 1695 aggre-

285 1723 400 1781 dientes
423 1727 524 1781 contra
546 1722 714 1796 opinionem
735 1721 764 1779 in
787 1721 919 1779 dextram
942 1725 1057 1795 partem
1077 1719 1247 1787 declinasse,
1267 1720 1297 1775 et
1316 1718 1362 1775 ita

287 1821 436 1879 Romanos
456 1820 486 1892 (i.
498 1838 533 1888 6.,
556 1819 670 1894 opinor,
693 1819 807 1894 equites
829 1818 990 1890 Romanos)
1012 1817 1048 1875 ab
1070 1818 1111 1875 eis
1133 1817 1271 1874 inductos
1283 1834 1360 1885 esse,

286 1923 321 1977 ut
351 1937 401 1976 eos
422 1920 633 1992 persequentes
655 1916 766 1990 agmini
786 1916 917 1991 pedestri
937 1915 1130 1974 barbarorum
1153 1915 1279 1972 liberum
1308 1914 1360 1972 ad-

287 2017 364 2073 itum
391 2014 428 2072 ad
449 2015 579 2089 legiones
601 2013 749 2072 Romanas
772 2014 927 2089 aperirent.
960 2011 1040 2070 Voto
1062 2016 1091 2070 et
1109 2013 1279 2087 precatione
1291 2016 1361 2070 turn

286 2118 412 2188 uterque
433 2112 595 2186 imperator
617 2111 686 2170 deos
709 2111 791 2169 adiit.
833 2111 915 2181 Quae
936 2114 1089 2185 praeterea
1110 2130 1145 2168 ex
1157 2110 1256 2168 Sullae
1272 2109 1360 2168 Gom·

288 2209 440 2269 mentariis
463 2210 497 2267 de
520 2209 633 2267 ratione
654 2209 760 2284 proelii
780 2208 898 2267 rettulit
919 2208 1107 2275 Plutarchus,
1129 2193 1259 2265 Marium
1273 2207 1362 2266 fefel-

282 2309 351 2366 lisse
383 2308 542 2382 pulverem
574 2311 603 2364 et
625 2327 692 2364 eum
714 2308 826 2364 frustra
847 2311 993 2365 errantem
1016 2325 1084 2364 cum
1105 2307 1191 2364 hoste
1214 2305 1360 2381 aliquam·

286 2406 337 2464 diu
360 2407 517 2480 confligere
539 2424 598 2463 000
618 2405 761 2481 potuisse,
788 2405 819 2461 id
841 2405 952 2479 aliquid
973 2405 1107 2462 ueritatis
1129 2404 1360 2462 fundamentum

286 2504 393 2561 habere
426 2503 554 2570 ridetur,
577 2503 629 2560 sed
651 2503 711 2561 sine
734 2501 825 2561 dubio
847 2502 1036 2561 vehementer
1057 2522 1074 2559 a
1095 2501 1177 2559 Sulla
1199 2520 1360 2576 exaggera·

284 2605 350 2659 tum
385 2605 439 2659 est.
481 2601 511 2658 Is
544 2601 585 2658 ita
616 2621 678 2658 rem
708 2600 872 2676 descripsit,
903 2590 987 2674 quasi
1009 2599 1107 2657 Catuli
1128 2600 1275 2658 exercitus
1296 2600 1359 2658 fere

284 2699 367 2757 solus
389 2703 488 2756 totum
509 2717 583 2757 onus
602 2699 768 2756 certaminis
788 2698 987 2756 sustinuisset.
1031 2697 1117 2767 Quod
1139 2696 1264 2756 Catulus
1288 2699 1360 2756 scri·

287 2799 395 2871 pserat,
418 2795 526 2854 milites
549 2815 618 2854 suos
640 2796 669 2852 iu
690 2799 752 2853 tam
774 2795 834 2853 acri
858 2814 959 2870 pugna
980 2796 1096 2853 nullum
1116 2815 1152 2854 ne
1173 2795 1360 2854 levissimum

289 2893 409 2966 quidem
431 2894 550 2967 signum
570 2893 754 2967 fatigationis
766 2908 861 2966 neque
873 2893 980 2952 sudore
993 2909 1087 2967 neque
1099 2893 1232 2952 anhelitu
1243 2893 1358 2965 tulisse,

285 2991 316 3047 id
338 2995 417 3049 certe
439 2992 528 3049 etiam
550 3012 567 3048 a
588 2991 670 3048 Sulla
692 2991 832 3065 cognovit
852 2991 1045 3050 Plutarchus.

327 3088 406 3146 Plut.
430 3108 493 3163 cap.
515 3085 567 3146 27.
610 3089 705 3160 Multa
727 3087 757 3145 in
777 3088 834 3146 hoc
856 3089 952 3163 capite
972 3092 1073 3147 narrat
1090 3089 1269 3148 Plutarchus
1282 3105 1359 3162 quae

288 3186 325 3242 ad
347 3185 465 3244 Livium
486 3187 633 3261 pertinere
656 3184 786 3245 ostendit
808 3205 967 3248 consensus
989 3187 1177 3262 scriptorum.
1208 3186 1359 3245 Numeros

288 3302 441 3342 caesorum
464 3283 619 3355 (140000)
641 3286 671 3341 60
693 3285 849 3359 captorum
871 3284 1017 3359 (60000),
1040 3300 1114 3358 quos
1136 3284 1359 3360 praebentauc·

284 3385 364 3438 tores
397 3380 512 3438 Liviani
536 3381 567 3453 1),
600 3380 778 3439 Plutarchus
801 3396 920 3454 quoque
941 3401 1019 3439 nunc
1041 3383 1155 3457 accepit
1175 3385 1206 3440 60
1226 3383 1358 3453 rettulit;

288 3497 357 3534 nam
379 3478 459 3551 quod
483 3479 610 3536 120000
633 3496 795 3548 caesorum,
818 3479 926 3537 60000
950 3483 1105 3554 captorum
1117 3483 1254 3538 numerat
1265 3479 1360 3554 (quod

288 3574 394 3632 vitium
423 3574 534 3632 librarii
563 3594 622 3632 non
644 3595 706 3634 esse
727 3575 836 3650 probat
856 3575 1045 3652 Polyaenus),
1068 3577 1293 3637 attribuendum
1314 3581 1361 3637 est

288 3672 388 3730 studio
422 3672 540 3730 cuidam
571 3672 767 3730 imminuendi
787 3692 936 3743 numeros
958 3693 1017 3733 nou
1039 3675 1204 3734 diversitati
1224 3675 1360 3735 traditio·

287 3789 374 3839 num;
396 3768 528 3827 Velleius
550 3788 709 3828 numerum
732 3770 882 3828 imminuit
893 3771 931 3828 ad
944 3772 1081 3844 100000,
1100 3772 1201 3831 addito
1212 3774 1360 3833 vocabulo

291 3867 453 3941 „amplius”
482 3867 514 3940 2).
558 3867 639 3937 Quae
672 3867 707 3924 de
739 3886 841 3942 pugna
861 3867 1021 3926 mulierum
1043 3872 1073 3927 60
1094 3869 1129 3928 (16
1150 3874 1247 3929 morte
1269 3887 1360 3944 quam

327 4066 342 4126 11
361 4075 433 4120 Oros.
453 4073 465 4130 ἓ
486 4068 540 4133 16⁰3
559 4077 615 4122 Liv.
635 4077 696 4135 epit.
716 4078 762 4133 683
782 4078 853 4123 Eutr.
872 4079 900 4133 V,
920 4080 942 4124 2.
977 4080 1103 4125 Numerus
1121 4093 1195 4138 quern
1215 4080 1360 4127 01000060-

288 4158 360 4204 hibet
385 4156 443 4214 (III,
470 4162 493 4213 3,
520 4157 568 4216 14),
596 4162 684 4207 65.000
712 4174 852 4216 caesorum,
870 4164 913 4207 aut
932 4166 1066 4222 corruptus
1084 4167 1124 4210 est
1142 4170 1185 4210 aut
1203 4177 1234 4210 ex
1252 4165 1360 4211 arbitrio

287 4243 371 4288 fictus.
406 4245 545 4304 Eutropius
572 4249 598 4291 et
624 4245 715 4291 Florus
744 4245 840 4290 addunt
865 4248 994 4292 trecentos
1012 4248 1183 4294 Romanorum
1202 4251 1228 4294 et
1251 4251 1360 4309 utroque

289 4327 401 4373 exercitu
420 4330 551 4376 cecidisse.
573 4357 600 4363 -
624 4322 641 4383 Ε1
660 4329 722 4376 Vell.
741 4330 775 4385 II,
796 4330 834 4385 12,
853 4330 876 4376 5.
