2916 5062
704 455 742 512 56

194 615 231 674 ad
261 615 336 673 hano
367 614 452 672 Marii
475 614 692 689 expeditionem
712 634 766 690 per
786 614 957 674 Numidiam
979 616 1200 676 Occidentalem
1223 617 1259 674 ad

193 713 382 771 Muluccham
412 713 522 770 flumen
553 713 671 783 factam,
704 713 799 772 omnis
831 733 912 772 error
940 714 1120 774 aSallustio
1143 715 1259 773 ablatus

195 810 258 868 erit.
301 811 435 869 Firmum
457 813 668 885 argumentum
689 829 723 868 ex
745 810 799 869 hae
820 830 851 869 re
873 811 995 886 petitur,
1018 812 1099 887 quod
1119 831 1171 871 rex
1186 812 1259 871 Boc·

195 910 269 968 chus
291 912 395 984 postea
417 907 497 984 apud
518 908 629 966 Sullam
652 912 775 984 questus
798 912 843 967 est
863 908 990 967 Marium
1013 929 1078 968 eam
1106 909 1261 968 Numidiae

195 1009 321 1082 partem,
354 1026 444 1082 quam
475 1007 538 1064 iure
571 1026 604 1065 ac
635 1007 741 1065 merito
771 1026 855 1065 suam
885 1006 978 1076 duxit,
1001 1007 1030 1080 (i.
1043 1027 1067 1066 e.
1089 1007 1261 1066 Numidiam

195 1103 413 1162 Occidentalem
435 1104 599 1178 Iugurthae
618 1105 707 1163 armis
719 1103 909 1180 ademptam),
921 1105 1084 1164 vastavisse
1098 1106 1129 1179 1).
1154 1104 1259 1163 Vasta·

193 1202 236 1261 tio
270 1201 354 1259 euius
385 1200 427 1258 ibi
459 1204 554 1259 sermo
586 1201 620 1258 fit
652 1202 813 1260 necessarie
835 1201 872 1259 ad
894 1201 923 1258 id
945 1203 1064 1276 tempus
1086 1206 1116 1261 et
1137 1201 1174 1260 ad
1196 1222 1261 1260 eam

193 1298 417 1373 expeditionem,
440 1296 475 1355 de
497 1317 556 1373 qua
577 1317 655 1356 nunc
677 1298 792 1372 agimus
814 1298 846 1371 2),
868 1299 1021 1357 referenda
1042 1304 1101 1371 est3
1121 1299 1261 1357 namtale

194 1396 266 1471 quid
287 1416 304 1453 a
324 1397 418 1455 Mario
440 1397 552 1454 factum
574 1415 637 1454 esse
660 1397 741 1455 nullo
763 1396 821 1454 alio
842 1397 908 1455 loco
924 1402 1190 1457 commemoratum
1203 1401 1258 1456 est.

193 1494 305 1552 Marius
325 1494 497 1551 Numidiam
520 1493 738 1552 Occidentalem
760 1493 910 1569 ingressus
932 1514 993 1552 rem
1006 1495 1106 1570 magni
1117 1496 1262 1553 momenti

194 1591 341 1667 suscepit;
363 1592 471 1667 partim
492 1595 616 1667 propter
637 1591 841 1650 difficultatem
862 1592 955 1667 ipsam
978 1592 1261 1668 expeditioniS,par·

194 1690 249 1747 tim
280 1693 403 1766 propter
423 1690 589 1764 periculam
611 1690 691 1765 quod
712 1689 881 1748 incurrebat
902 1709 938 1748 ne
960 1690 996 1748 ad
1018 1709 1165 1749 summam
1186 1691 1261 1749 iram

194 1791 224 1846 et
244 1787 387 1846 ultionem
410 1787 552 1846 excitaret
572 1806 672 1862 regem
694 1786 863 1858 Bocchum3
891 1787 971 1863 quod
992 1807 1063 1847 vero
1084 1807 1141 1847 non
1164 1789 1260 1864 magis

195 1904 284 1962 quarn
305 1885 418 1944 invasio
439 1885 503 1960 ipsa
525 1906 542 1943 a
563 1885 704 1944 Sallustio
726 1884 843 1943 dicitur.

234 1983 330 2058 Supra
362 1983 474 2041 dictum
506 1986 552 2041 est
572 1981 597 2054 3)
628 1983 791 2053 Metellum,
812 1986 973 2058 postquam
991 1982 1139 2057 Iugurtha
1157 1984 1260 2043 Numi-

195 2081 273 2138 diam
305 2080 521 2139 Occidentalem
554 2079 652 2138 amisit
680 2083 710 2137 et
739 2079 842 2138 deinde
874 2080 1046 2139 societatem
1068 2100 1136 2140 cum
1158 2101 1260 2142 socero

195 2196 271 2236 anno
295 2177 366 2236 1080
386 2177 461 2248 iniit,
483 2178 582 2252 ipsum
603 2177 698 2235 hieme
720 2178 852 2236 eiusdem
873 2178 941 2235 anni
961 2177 1115 2238 Bocchum
1137 2180 1173 2236 ad
1192 2200 1261 2239 suas

194 2279 294 2352 partes
315 2294 453 2334 revocare
475 2279 614 2334 conatum
635 2294 708 2346 esse,
730 2275 943 2350 significantem
966 2279 1101 2335 senatum
1120 2278 1146 2336 ei
1157 2278 1261 2336 Numi-

195 2373 273 2431 diam
305 2373 523 2431 Occidentalem
553 2373 679 2432 sortasse
712 2392 918 2432 concessurum
947 2377 978 2432 et
1005 2394 1073 2432 eum
1095 2375 1185 2433 etiam
1206 2377 1261 2435 hac

195 2490 246 2546 spe
277 2454 440 2530 adductum
461 2471 497 2529 ab
519 2471 569 2528 illa
589 2472 708 2546 regione
729 2471 897 2530 lacessenda
917 2471 1105 2531 abstinuisse.
1147 2474 1260 2532 Marius

194 2572 303 2639 autem,
325 2572 360 2626 ut
380 2588 458 2627 nune
480 2572 611 2644 apparet,
632 2573 792 2644 postquam
813 2567 932 2628 Boccho
944 2589 1003 2629 non
1015 2569 1127 2629 diutius
1140 2591 1261 2646 parcere

194 2667 358 2737 constituit,
389 2666 503 2741 primus
535 2665 765 2742 populabundus
797 2666 827 2722 in
848 2666 1018 2751 Numidiam
1041 2668 1259 2728 Occidentalem

193 2765 395 2822 excursionem
426 2764 506 2822 fecit.
549 2763 664 2832 Quare
686 2763 717 2820 id
739 2764 878 2822 effectum
900 2768 945 2822 est
966 2769 1001 2823 ut
1022 2765 1168 2838 BocchuS,
1192 2787 1260 2826 mox

193 2862 281 2920 armis
312 2861 421 2920 iterum
450 2861 602 2936 expeditis,
632 2861 725 2920 Mario
747 2861 827 2919 haud
847 2863 890 2920 ita
910 2863 1005 2921 multo
1027 2867 1096 2937 post
1116 2883 1260 2940 magnum

191 2960 358 3036 periculum
388 2959 583 3017 minitaretur.
625 2959 723 3017 Huius
756 2979 875 3035 quoque
907 2961 950 3018 rei
980 2961 1070 3019 salsae
1103 2981 1209 3021 causae
1231 2968 1261 3021 et

193 3057 302 3116 debiles
334 3078 351 3115 a
384 3057 524 3116 Sallustio
556 3057 681 3115 traditae
714 3063 796 3128 sunt3
829 3057 901 3116 dicit
921 3057 947 3130 4)
976 3058 1164 3134 Iugurtham,
1188 3061 1259 3118 dum

193 3156 304 3214 Marius
336 3154 373 3213 ad
404 3154 592 3214 Muluccham
620 3157 763 3225 versetur,
791 3174 859 3212 cum
880 3154 999 3214 Boccho
1022 3157 1057 3215 de
1078 3177 1150 3233 pace
1173 3177 1260 3233 agere

194 3253 324 3329 coepisse
356 3272 483 3328 eumque
516 3251 553 3310 ad
584 3271 691 3310 novam
720 3252 891 3311 societatem
912 3254 1071 3311 ineundam
1093 3255 1259 3327 adduxisse,

193 3352 359 3427 pollicitum
382 3351 540 3409 Numidiae
561 3355 677 3426 partem
698 3352 816 3410 tertiam
838 3352 868 3425 (i.
881 3371 905 3410 e.
927 3352 1098 3410 Numidiam
1121 3354 1259 3413 Occiden-

193 3451 283 3508 talem
314 3450 392 3508 inter
423 3447 590 3508 Gaetuliam
622 3453 651 3508 et
682 3469 763 3508 mare
794 3450 903 3524 sitam).
945 3450 1002 3508 Sed
1024 3470 1088 3509 eam
1110 3452 1257 3527 regionem

193 3548 252 3605 iam
285 3547 336 3606 diu
366 3548 396 3605 in
427 3546 539 3605 Bocchi
570 3547 684 3606 dicione
715 3548 806 3605 fuisse
828 3547 899 3605 dum
920 3549 1031 3608 Marius
1054 3569 1118 3607 eam
1140 3550 1259 3621 ademit,

195 3645 398 3720 eognovimus
440 3644 546 3720 Itaque
578 3645 725 3722 Iugurtha
757 3665 821 3703 eam
851 3646 1002 3720 regionem
1029 3666 1089 3705 non
1109 3651 1181 3707 tunc
1202 3649 1259 3723 pri-

194 3762 277 3802 mum
308 3743 427 3802 Boccho
450 3742 569 3815 obtulit,
591 3743 643 3803 sed
665 3744 692 3802 ei
712 3744 863 3819 pollicitus
886 3748 931 3804 est
952 3764 993 3816 se,
1016 3745 1180 3805 coniunctis
1198 3747 1259 3822 opi·

232 4133 251 4195 ¹}
279 4142 334 4198 102,
363 4143 401 4199 13,
422 4156 492 4198 „eam
509 4146 606 4192 vastari
624 4160 638 4192 a
657 4145 737 4192 Mario
754 4145 808 4205 pati
826 4142 1006 4204 nequivisso’';
1024 4144 1088 4204 App.
1105 4146 1206 4195 Numid.
1227 4149 1257 4204 4;

200 4226 259 4272 vide
277 4240 353 4285 snpra
369 4241 394 4286 p.
412 4230 444 4276 33
463 4231 488 4275 et
506 4244 531 4292 p.
550 4232 580 4278 53
599 4233 684 4280 annot.
704 4234 727 4277 t.
749 4257 778 4263 -
803 4222 879 4289 ἱ112,
898 4233 921 4277 3.
943 4223 961 4284 ³)
980 4244 1004 4291 p.
1023 4232 1054 4276 33
1073 4233 1099 4276 et
1116 4245 1140 4295 p.
1161 4234 1200 4292 53,
1219 4235 1258 4279 54.

197 4301 216 4364 ι1
235 4312 275 4368 97,
299 4313 371 4363 1·’3.
777 4333 802 4348 ““
