2916 5062
698 469 737 527 06

183 633 297 688 estnon
310 631 376 686 ante
389 631 547 686 extremam
562 631 704 699 aestatem
716 627 784 684 anni
798 627 862 685 106ί
875 627 903 684 in
918 626 1004 683 Marii
1016 628 1112 684 castra
1124 625 1250 684 advenit.

182 728 348 785 Mommsen
368 745 396 783 v.
420 726 464 794 cl,
487 725 539 800 qui
560 729 646 783 antea
668 724 885 799 expeditionem
907 723 943 781 ad
964 723 1154 781 Muluccham
1176 741 1251 780 anno

186 825 257 883 107⁰
275 823 461 892 attribuerat,
483 842 561 880 nunc
583 842 701 898 quoque
716 821 738 893 l)
760 822 891 892 hiberna,
914 821 949 879 de
971 820 1079 896 quibus
1093 819 1252 878 Sallustius

184 942 252 980 mox
284 921 353 996 egit,
386 921 454 978 anni
488 918 576 996 10615
608 921 700 978 fnisse
731 923 833 994 putat3
863 919 972 994 itaque,
1001 919 1083 976 nulla
1104 917 1253 975 mentione

184 1019 288 1078 hiemis
310 1019 376 1076 anni
401 1016 490 1093 rorte
502 1018 618 1089 iniecta,
630 1018 667 1076 ad
681 1017 757 1074 Ihnii
769 1017 944 1076 sententiam
956 1016 1113 1074 accessisse
1126 1015 1253 1074 videtur.

224 1116 383 1186 Sententia,
410 1135 498 1192 quam
531 1116 652 1174 Fischer
682 1135 710 1174 v.
734 1116 769 1174 cl.
791 1116 943 1190 amplexus
965 1117 1019 1185 est,
1042 1117 1254 1189 praeterquam

185 1215 265 1290 quod
297 1214 454 1272 Sallustius
488 1215 577 1272 semel
608 1217 725 1272 tantum
755 1213 789 1272 de
818 1213 947 1271 hibernis
968 1213 1149 1270 mentionem
1172 1211 1253 1281 fecit,

184 1313 239 1370 hac
259 1331 290 1369 re
311 1312 341 1368 in
362 1311 464 1386 primis
486 1311 600 1382 nititur,
623 1310 703 1386 quod
718 1311 829 1369 Marius
844 1311 923 1385 apud
935 1330 1002 1368 eum
1014 1312 1076 1367 tam
1088 1310 1117 1366 in
1129 1312 1254 1384 receptu

185 1409 380 1468 aMuluccha
410 1409 531 1467 flumine
559 1409 582 1483 2)
615 1429 704 1484 quam
734 1409 803 1467 dum
837 1409 866 1466 in
898 1408 1090 1484 sequentihus
1123 1407 1254 1465 hibernis

185 1510 319 1566 moratur
340 1506 363 1580 3)
395 1510 425 1564 et
454 1510 559 1582 postea
587 1506 669 1565 Sulla
697 1506 861 1581 Iugurthae
882 1506 1072 1565 traditionem
1095 1525 1112 1563 a
1133 1504 1254 1563 Boccho

185 1606 355 1680 postulante
376 1605 410 1679 4),
432 1606 530 1663 consul
551 1604 667 1675 dicitur,
691 1624 757 1663 cum
775 1624 833 1679 pro
854 1605 966 1663 romule
985 1602 1126 1661 dicendus
1137 1603 1254 1672 fuisset,

186 1703 211 1760 si
236 1722 286 1760 eae
307 1721 353 1760 res
373 1709 437 1777 post
458 1703 545 1760 finem
567 1701 654 1760 Marii
675 1702 856 1772 consulatus
879 1704 980 1759 exacto
1002 1701 1060 1758 iam
1082 1718 1158 1758 anno
1183 1699 1254 1759 1070

187 1803 239 1857 aut
271 1802 348 1858 certe
381 1799 432 1856 diu
463 1802 540 1874 post,
572 1799 667 1857 factae
700 1809 806 1857 essent.
849 1799 906 1856 Sed
933 1798 964 1855 id
992 1801 1203 1872 argumentum
1223 1798 1254 1854 in

187 1917 284 1956 errore
305 1897 436 1972 positum
460 1900 513 1956 est.
543 1896 653 1956 Consul
672 1897 850 1972 magistratu
865 1895 1000 1971 deposito
1012 1897 1122 1955 Romae
1133 1895 1253 1971 quidem

182 1996 372 2071 proconsule
393 1995 554 2071 dicebatur,
577 1994 628 2053 sed
649 1994 726 2053 bello
748 1998 777 2052 et
799 1995 828 2051 in
849 1994 1001 2069 provincia
1020 1997 1080 2052 tam
1093 1993 1144 2051 diu
1155 1995 1254 2052 conari

186 2093 349 2152 vocabatur
379 2093 521 2168 quamdiu
554 2112 621 2152 cum
652 2093 775 2168 imperio
808 2093 954 2151 consulari
984 2096 1055 2151 erat.
1099 2092 1189 2151 (luins
1211 2091 1253 2150 rei

187 2194 363 2266 argumento
396 2191 434 2249 sit
463 2190 588 2266 Spurius
609 2190 781 2249 Postumius
805 2190 939 2261 Albinus,
962 2190 1064 2248 consul
1086 2190 1154 2246 anni
1178 2187 1253 2258 110¹,

188 2290 248 2365 qui,
269 2293 429 2364 postquam
450 2288 515 2347 Kal.
538 2288 682 2347 Ianuariis
700 2289 768 2346 anni
781 2290 846 2346 109ὶ
857 2288 1067 2362 magistratum
1078 2287 1218 2362 deposuit
1229 2287 1252 2360 ⁵)

188 2388 284 2446 denuo
315 2388 345 2444 in
366 2386 497 2444 Africam
518 2387 669 2461 profectus
690 2386 731 2443 ibi
752 2406 861 2444 annum
886 2385 977 2444 109¹¹¹¹¹
998 2395 1132 2444 moratus
1154 2405 1171 2442 a
1193 2385 1253 2442 Sal-

188 2486 278 2544 lustio
299 2485 364 2560 ipso
385 2484 430 2542 bis
451 2485 548 2542 consid
569 2483 665 2542 dictus
688 2487 733 2542 est
755 2483 786 2558 ⁶).

228 2583 302 2640 Dein
324 2583 435 2641 multae
455 2601 511 2653 res,
534 2601 608 2657 quae
630 2582 708 2640 viros
731 2581 834 2640 doctos
855 2581 1023 2640 fefellerunt
1045 2584 1074 2639 et
1093 2599 1128 2638 ex
1147 2580 1256 2656 quibus

188 2680 349 2739 necessarie
371 2683 493 2756 apparet
515 2699 557 2749 ea,
580 2679 615 2737 de
637 2679 745 2756 quibus
768 2680 955 2754 disputatum
976 2682 1030 2755 est,
1049 2679 1078 2735 in
1092 2682 1155 2737 tam
1168 2678 1257 2738 breve

190 2778 320 2853 spatium
352 2777 477 2835 coartari
507 2777 626 2834 minime
658 2795 754 2851 posse,
788 2795 855 2834 cum
876 2777 927 2834 illa
948 2775 1086 2852 opinione
1108 2779 1255 2851 pugnant.

191 2875 286 2951 Supra
305 2874 329 2947 ἵ)
360 2875 419 2932 iam
441 2874 677 2932 animadversum
699 2878 744 2932 est
772 2875 810 2933 1⁰.
832 2873 985 2932 Bocchum
1007 2893 1075 2932 cum
1094 2874 1188 2932 Mario
1204 2893 1257 2949 per

190 2974 313 3049 longum
342 2976 460 3048 tempus
482 2972 517 3031 de
538 2992 610 3047 pace
633 2972 815 3031 concilianda
835 2973 946 3030 frustra
968 2972 1084 3047 egisse3
1107 2972 1148 3029 20.
1171 2991 1256 3031 voca-

191 3073 261 3131 bulo
292 3071 343 3129 illo
373 3073 485 3129 intereo
507 3070 531 3142 8)
562 3089 621 3128 non
648 3070 807 3146 significari
834 3070 960 3128 Marium
982 3089 1035 3145 per
1055 3074 1174 3146 tempus
1197 3090 1256 3146 quo

191 3170 227 3228 de
258 3188 330 3244 pace
361 3171 498 3243 ageretur
529 3168 664 3226 ultimam
698 3167 913 3242 expeditionem
934 3168 1087 3242 incepisse,
1115 3168 1166 3226 sed
1188 3188 1256 3226 eum

191 3267 309 3326 interim
329 3265 437 3324 milites
455 3266 484 3322 in
502 3264 631 3323 hibernis
644 3266 815 3335 collocasse3
838 3265 878 3323 3⁰.
901 3265 982 3322 illam
1003 3265 1220 3340 expeditionem
1233 3266 1256 3340 9)

193 3365 320 3424 duorum
341 3363 468 3422 triumve
489 3364 634 3421 mensium
655 3364 756 3421 fuisse.
798 3363 874 3421 Dein
894 3363 1013 3437 longius
1033 3363 1162 3439 spatium
1173 3384 1256 3438 prae-

192 3463 306 3521 teriisse
337 3461 454 3521 videtur
485 3465 644 3536 antequam
676 3461 832 3520 concilium
855 3460 951 3519 Cirtae
973 3461 1141 3533 haberetur,
1163 3462 1257 3537 legati

192 3561 318 3620 Romam
338 3559 594 3635 proficiscerentur
615 3562 645 3616 et
666 3558 748 3617 Sulla
768 3558 876 3616 iterum
899 3558 1051 3617 Bocchum
1073 3559 1175 3617 adiret.

234 3658 392 3717 Sallustius
416 3656 451 3731 10)
476 3677 545 3732 ,per
565 3657 643 3714 idem
664 3659 812 3732 tempns”,
835 3675 894 3731 quo
910 3657 1179 3732 IugurthaaSulla
1192 3677 1257 3735 eap-

231 3979 249 4041 ¹)
266 3986 407 4032 Mommsen
424 3983 496 4029 Rom.
516 3983 607 4029 Gesch.
626 3983 659 4040 II,
677 3996 701 4042 p.
723 3984 777 4029 153.
798 4006 826 4015 -—
849 3973 867 4036 9)
886 3982 925 4039 97,
944 3984 973 4039 4;
996 3984 1051 4039 100,
1070 3984 1092 4030 3.
1113 4008 1139 4016 -
1164 3975 1181 4038 8)
1203 3986 1257 4042 103,

195 4073 218 4129 4;
238 4071 293 4126 104,
312 4071 334 4114 2.
355 4093 385 4100 -
405 4059 423 4121 4)
444 4069 499 4124 109,
518 4069 540 4112 2.
560 4091 590 4099 -
608 4057 626 4120 5)
644 4067 694 4112 cfr.
712 4067 770 4112 san.
789 4066 828 4122 37,
847 4067 861 4111 s
881 4079 937 4111 eum
956 4067 995 4123 aa,
1015 4069 1037 4112 a.
1058 4092 1088 4100 -
1109 4059 1127 4122 8)
1144 4069 1257 4126 ae,2,4;

195 4155 279 4202 Etiam
296 4153 407 4200 Velleius
425 4148 467 4208 (ΙΙ,
488 4154 527 4208 12,
545 4147 569 4205 2)
588 4153 614 4197 et
631 4151 771 4210 Eutropius
791 4151 827 4207 (V,
847 4152 869 4207 1,
889 4147 913 4205 1)
932 4152 1082 4210 Caepionem
1092 4153 1117 4198 in
1127 4155 1259 4212 provincia

196 4240 321 4286 considens
337 4237 432 4294 dicunt,
451 4250 508 4282 cum
524 4237 663 4294 proconsul
681 4238 757 4292 esset;
776 4231 842 4288 (Liv.
861 4248 899 4294 ep.
921 4236 960 4292 673
978 4236 1050 4282 Oros.
1068 4238 1096 4294 V,
1117 4239 1156 4295 16,
1176 4236 1207 4293 1).
1228 4262 1257 4272 »-

199 4315 216 4380 1)
235 4337 311 4383 supra
328 4336 352 4381 p.
372 4323 410 4368 53.
431 4346 461 4354 -
481 4312 499 4376 8)
520 4322 575 4378 103,
595 4322 616 4367 1.
637 4345 667 4353 -
687 4311 705 4374 ⁹)
724 4333 801 4379 supra
818 4333 842 4379 p.
862 4322 893 4366 64
912 4320 959 4366 sub
977 4321 998 4366 B
1016 4321 1040 4369 ὅ.
1059 4347 1089 4355 -
1111 4314 1141 4378 10)
1161 4325 1216 4381 114,
1237 4326 1257 4370 1.
