2916 5062
705 496 742 551 45

192 659 356 730 gestarum,
388 657 502 731 proprii
533 675 630 714 rerum
665 655 823 729 scriptores
856 653 971 724 desunt,
994 673 1040 712 res
1062 654 1139 711 bollo
1161 656 1262 728 gestae

194 790 229 796 --
254 754 309 812 nisi
341 755 457 815 litterae
489 754 611 812 testium
644 754 829 812 oculatorum
864 756 917 810 aut
948 752 1116 828 aequalium
1151 752 1186 810 ab
1218 752 1263 810 his

192 852 380 910 eruditorum
412 851 588 910 exstiterunt
622 887 655 894 —
689 870 748 909 non
770 851 855 908 aliter
876 849 933 907 nisi
953 850 982 907 in
1004 869 1110 925 genere
1133 854 1163 908 et
1184 871 1261 909 sum·

192 950 297 1007 mutim
329 949 544 1024 posterioribus
567 949 702 1023 cognitae
725 968 787 1007 esse
809 952 944 1024 possunt.
986 948 1061 1007 Belli
1084 968 1129 1006 res
1151 949 1261 1023 gravis·

192 1047 293 1116 simae,
316 1047 467 1122 graviores
489 1048 699 1123 expeditiones,
721 1047 855 1122 inprimis
874 1066 948 1122 (puae
961 1046 1038 1105 bono
1051 1048 1131 1105 exitu
1143 1047 1262 1118 tuerint,

193 1145 221 1202 ei
243 1145 339 1203 exitus
361 1145 417 1220 ipsi
440 1148 660 1220 cognoscuntur
682 1164 760 1216 sane,
783 1145 844 1202 sive
866 1145 982 1203 litterae
1001 1144 1110 1205 ducum
1131 1144 1168 1202 ad
1181 1138 1263 1202 sena-

193 1247 260 1300 tum
291 1242 419 1317 scriptae
452 1260 554 1301 eornm
586 1243 766 1301 mentionem
798 1245 939 1312 fecerunt,
973 1243 1033 1300 sive
1061 1243 1139 1302 fama
1161 1243 1261 1301 eadem
1292 1232 1293 1236 ἵ

193 1341 355 1415 evulgavit,
388 1340 424 1398 ab
457 1341 603 1400 oblivione
636 1341 823 1399 vindicantur
852 1344 881 1398 et
902 1341 929 1397 in
953 1360 1042 1415 opera
1063 1341 1261 1415 posteriorum

193 1439 373 1513 scriptorum
405 1442 568 1498 transeunt.
619 1439 676 1497 Sed
708 1442 780 1497 tunc
811 1439 1049 1496 accuratissimae
1081 1439 1262 1497 narrationes

193 1555 293 1594 rerum
326 1536 520 1611 singularum,
552 1538 655 1612 plenae
678 1541 708 1595 et
728 1537 929 1613 pragmaticae
951 1535 1163 1611 descriptiones
1185 1538 1262 1596 locc-

193 1653 269 1704 rum,
292 1625 523 1709 expeditionum,
545 1635 735 1710 proeliorum,
758 1634 1016 1711 oppugnationum
1033 1654 1128 1710 neque
1145 1639 1262 1694 exstant

193 1752 288 1808 neque
311 1733 381 1807 (nisi
401 1733 498 1806 fictae)
520 1733 550 1790 in
570 1732 701 1791 historiis
722 1736 836 1791 exstare
857 1735 999 1808 possunt;
1021 1732 1077 1790 nisi
1100 1752 1168 1791 vero
1185 1733 1263 1791 inter

195 1849 255 1900 eos
284 1831 386 1906 quiin
408 1831 541 1889 Romano
564 1831 693 1889 exercitu
714 1831 917 1901 versabantur,
940 1831 1062 1888 fuerunt
1083 1831 1134 1905 qui
1156 1850 1262 1906 operae

193 1929 324 2003 pretium
356 1928 493 1987 duxerint
524 1949 566 1999 ea,
599 1948 674 2004 quae
707 1929 820 2004 experti
852 1932 940 1999 sunt,
975 1929 1082 1986 litteris
1114 1929 1262 2004 persequi.

194 2024 297 2084 Veluti
329 2027 402 2085 illud
434 2027 512 2085 cadit
543 2026 572 2083 in
594 2046 640 2084 res
662 2047 679 2084 a
699 2027 842 2102 Pompeio
864 2031 893 2085 et
915 2026 1047 2085 Sertorio
1069 2027 1097 2083 in
1120 2026 1264 2101 Hispania

135 2179 137 2184 .
195 2128 304 2199 gestas,
327 2144 462 2200 quarum,
486 2144 553 2182 cum
576 2125 731 2183 accesserit
752 2128 787 2182 ut
808 2124 880 2181 nulli
899 2128 990 2183 testes
1010 2125 1121 2182 oculati
1138 2125 1264 2183 Romani

196 2222 231 2280 de
263 2221 304 2280 eis
337 2221 516 2298 scripserint,
548 2242 670 2298 prorsus
702 2223 783 2280 nulla
814 2223 999 2297 pragmatica
1030 2223 1137 2281 notitia
1159 2229 1222 2281 exst
1242 2227 1263 2280 t.

196 2319 336 2378 Eiusdem
368 2320 483 2395 generis
517 2323 587 2378 sunt
608 2339 654 2378 res
676 2320 753 2378 bello
776 2320 955 2395 Iugurthino
977 2321 1007 2377 in
1028 2319 1130 2377 Africa
1152 2323 1262 2394 gestae,

128 2410 129 2414 ¹
198 2417 232 2475 de
254 2417 362 2493 quibus
382 2416 540 2476 Sallustius
560 2418 630 2492 egit.
653 2418 753 2476 Africa
764 2418 891 2493 propriis
904 2418 1043 2476 litteratis
1055 2418 1158 2476 incolis
1171 2419 1262 2492 eguit,

197 2516 324 2592 propriis
345 2535 445 2574 rerum
467 2515 672 2590 scriptoribus
695 2516 823 2592 propriis
844 2516 1011 2574 litterarum
1032 2518 1242 2575 monumentis.

237 2614 307 2671 Fuit
338 2613 457 2694 quidem
490 2613 697 2672 celeberrimus
730 2633 828 2671 rerum
858 2613 984 2689 scriptor
1005 2615 1034 2671 in
1056 2614 1158 2672 Al'rica
1179 2614 1263 2684 iuba,
1298 2659 1300 2664 .

198 2712 398 2770 Mauretaniae
420 2731 489 2782 rex3
513 2712 564 2770 sed
586 2712 610 2771 is
631 2713 698 2787 plus
722 2712 1038 2787 saeculopcstbellum
1052 2712 1264 2786 iugurthinum

198 2810 287 2868 nituit
323 2814 353 2868 et
389 2810 455 2868 ideo
492 2811 553 2867 suis
590 2809 828 2884 indagationibus
866 2813 895 2866 et
926 2810 1203 2884 investigationibus
1235 2810 1265 2867 in

198 2907 298 2966 Africa
329 2908 393 2982 ipsa
424 2908 510 2966 tactis
542 2907 668 2990 sortasse
700 2907 845 2982 quaedam
867 2927 942 2965 nova
964 2907 999 2964 de
1021 2908 1084 2965 eius
1106 2907 1196 2965 rebus
1219 2927 1264 2965 ex·

199 3006 313 3082 quirere
345 3010 375 3063 et
406 3005 580 3080 posterioris
613 3004 718 3062 aetatis
751 3004 944 3079 scriptoribus
977 3005 1116 3079 praebere
1149 3006 1264 3081 potnit3

199 3103 393 3177 singularium
416 3122 486 3162 vero
507 3103 638 3178 partium
662 3102 731 3160 belli
752 3103 949 3161 narrationem
972 3122 1087 3173 novam,
1106 3104 1265 3178 copiosam,

199 3201 349 3277 propriam
382 3201 584 3277 composuisse
606 3219 664 3258 non
686 3199 813 3259 videtur.
855 3199 971 3257 Novam
993 3201 1153 3272 notionem,
1176 3222 1265 3277 quam

200 3298 223 3356 is
246 3299 348 3357 afferre
369 3299 479 3374 potuit,
502 3298 531 3355 in
552 3298 651 3373 parvis
674 3298 886 3373 supplementis
908 3298 956 3355 hic
978 3298 1037 3356 illic
1058 3298 1175 3357 insertis
1199 3318 1264 3358 con·

200 3397 311 3455 stitisse
342 3397 499 3455 verisimile
522 3399 626 3467 estet,
650 3415 716 3454 cum
740 3396 955 3472 quinquaginta
977 3396 1059 3454 annis
1081 3401 1151 3472 post
1173 3397 1266 3455 Sallu-

200 3495 291 3554 stium
322 3495 421 3564 suerit,
448 3499 616 3570 exspectare
637 3494 707 3552 licet
728 3494 757 3551 in
779 3494 848 3552 belli
868 3494 1085 3553 narrationibus
1107 3498 1176 3570 post
1197 3515 1266 3553 eum

202 3593 342 3652 confectis
375 3594 515 3652 nonnulla
547 3592 692 3651 eiusmodi
716 3580 920 3649 ¹additamenta
951 3591 1084 3661 inveniri,
1107 3613 1181 3668 quae
1203 3594 1266 3650 iure

201 3689 237 3748 ad
258 3678 364 3748 Iubam
386 3691 486 3749 reterri
508 3689 625 3765 possint
650 3689 670 3761 ).
713 3690 754 3747 At
776 3689 825 3746 illa
847 3689 945 3747 omnia
967 3690 1003 3746 ad
1020 3689 1152 3749 Sallustii
1170 3711 1266 3748 narra·

206 3879 409 3887 ——-————

239 4000 256 4063 ¹)
282 4008 313 4053 In
339 4007 384 4063 eis,
411 4007 454 4066 qni
480 4009 598 4066 tanquam
626 4007 765 4053 consiliarii
790 4007 885 4053 Bocchi
903 4005 971 4066 regis
994 4007 1106 4064 aderant,
1125 4021 1181 4053 cum
1199 4008 1268 4054 Sulla

203 4092 351 4151 Iugurtham
380 4093 538 4150 deposceret,
556 4092 692 4140 Sallustius
712 4088 741 4146 (o.
762 4093 817 4149 108,
838 4095 849 4137 1
869 4095 895 4138 et
915 4094 969 4148 112,
990 4088 1012 4145 ll
1030 4092 1161 4150 Asparem,
1179 4093 1269 4152 Iugur-

204 4178 263 4223 thae
289 4177 402 4236 legatum
428 4177 514 4233 habet,
540 4178 674 4234 Dabarem,
700 4177 880 4236 Massugradae
904 4176 984 4222 filium
1002 4177 1226 4234 neumnensium,
1244 4181 1270 4223 et

201 4263 331 4318 Volucem,
357 4262 452 4308 Bocchi
478 4262 567 4308 filium.
608 4262 738 4320 Appianas
765 4258 847 4315 (Num.
872 4258 895 4315 5)
922 4261 999 4307 etiam
1026 4262 1134 4307 duorum
1161 4261 1267 4308 aliorum

203 4347 334 4394 hominum
353 4347 508 4394 mentionem
527 4347 622 4404 iniecit,
640 4346 793 4405 Magdalsae,
812 4347 886 4393 amici
903 4347 1007 4398 Bocchi.
1026 4349 1051 4394 et
1064 4346 1174 4392 Cornelii
1185 4348 1268 4394 cuius·
