2916 5062
793 487 831 544 42

277 668 326 708 eos
358 648 475 707 habitos
507 667 570 706 esse
601 650 670 723 post
702 645 874 705 vaticinium
906 647 1070 720 acceptum,
1099 645 1160 704 sine
1183 644 1273 703 dubio
1295 663 1343 702 res

276 765 412 821 perverse
434 764 595 821 exponens3
618 765 686 803 nam
708 764 810 803 verum
833 743 965 802 ordinem
988 744 1067 818 apud
1079 742 1253 801 Sallustium
1270 761 1342 817 quo-

277 843 434 902 dammodo
462 842 669 918 perturbatum
699 861 734 900 ex
754 841 915 900 Plutarcho
937 841 1093 898 restituere
1115 840 1194 898 licet.
1236 839 1342 898 Hieme

277 942 345 999 anni
378 938 467 1018 10918
499 941 610 999 Marius
641 940 770 998 hibernis
792 938 983 998 Uticensibus
1009 940 1152 1014 praeerat,
1175 938 1227 996 ubi
1248 935 1343 995 missi-

277 1058 362 1097 onem
385 1039 574 1114 expostulans
597 1058 665 1097 cum
686 1038 806 1097 Metello
828 1037 863 1095 de
886 1037 1043 1096 consulatu
1054 1035 1186 1111 rogando
1198 1035 1342 1110 loquitur.

277 1137 348 1196 Eius
374 1137 471 1196 verbis
493 1137 536 1195 ira
561 1137 697 1195 incensus
719 1137 821 1195 eadem
842 1136 938 1195 hieme
959 1134 1075 1210 perlicit
1097 1153 1226 1209 eaquae
1248 1133 1343 1191 Sallu-

278 1235 353 1294 stius
384 1235 507 1293 tradidit
524 1235 556 1307 ¹),
589 1235 767 1294 Plutarchus
800 1234 900 1294 omisit
916 1235 949 1307 2).
1002 1233 1133 1291 Auctore
1165 1231 1306 1290 Sallustio
1318 1230 1342 1305 3)

277 1334 444 1409 insequenti
474 1353 542 1392 vere
564 1333 712 1409 expeditio
734 1332 846 1392 Metelli
867 1333 897 1389 in
918 1331 1033 1406 Vagam
1054 1330 1159 1389 urbem
1181 1329 1344 1405 suscipitur

278 1435 308 1490 et
339 1430 371 1489 T.
394 1431 546 1506 Turpilius
578 1431 694 1490 Silanus
725 1431 756 1488 in
786 1430 898 1489 Metelli
930 1429 1035 1489 castris
1068 1427 1213 1504 supplicio
1236 1427 1342 1502 capitis

278 1531 412 1589 afficitur.
454 1530 581 1588 Marium
602 1529 672 1588 huic
692 1530 735 1587 rei
757 1529 874 1587 affuisse
897 1532 926 1586 et
947 1548 1007 1587 una
1029 1547 1096 1586 cnm
1117 1527 1237 1585 Metello
1249 1525 1344 1601 igitur

279 1628 398 1687 Uticam
419 1628 573 1704 reliquisse
595 1646 653 1687 non
676 1647 711 1686 ex
732 1627 873 1686 Sallustio
895 1626 947 1685 sed
968 1646 983 1684 e
1005 1625 1165 1684 Plutarcho
1192 1623 1344 1698 cognosci-

279 1745 345 1785 mus
355 1725 391 1797 4).
425 1725 540 1795 Quibus
568 1725 657 1784 rebus
678 1725 764 1784 factis
786 1724 897 1783 Marius
917 1725 948 1782 in
970 1724 1072 1783 castris
1095 1724 1190 1782 acrius
1212 1723 1342 1793 Metelle,

278 1827 314 1882 ut
345 1824 401 1882 sihi
431 1824 600 1883 missionem
633 1824 692 1894 det,
723 1824 815 1882 instat
825 1822 859 1897 ὁ),
888 1823 936 1881 cui
956 1822 981 1881 is
1003 1821 1121 1880 tandem
1143 1840 1242 1880 mense
1263 1820 1343 1879 Maio

280 1942 305 1980 a.
340 1923 404 1981 108¹
436 1941 549 1981 morem
580 1922 666 1997 gerit.
707 1921 828 1993 Marius,
858 1921 961 1980 castris
982 1921 1103 1990 relictis,
1125 1939 1202 1997 equo
1223 1919 1342 1977 Uticam

279 2022 383 2078 vectus
404 2022 469 2078 tum
491 2020 611 2078 demum
631 2019 805 2078 vaticinium
827 2019 943 2094 accipit,
966 2019 1047 2095 quod
1062 2018 1220 2076 Sallustius
1235 2016 1343 2074 iniuria

280 2116 343 2175 aliis
366 2117 502 2175 omnibus
524 2118 724 2192 praemiserat,
747 2136 806 2193 quo
829 2120 950 2192 accepto
971 2136 1076 2175 navem
1099 2115 1276 2176 conscendit.

319 2214 497 2273 Plutarchus
528 2215 600 2274 haec
632 2215 730 2275 omnia
760 2235 818 2275 non
840 2236 855 2274 e
877 2216 1017 2275 Sallustio
1038 2215 1113 2291 ipso,
1135 2213 1187 2273 sed
1208 2233 1242 2272 ex
1264 2232 1342 2272 com·

278 2313 362 2370 muni
392 2313 474 2372 fonte
505 2313 637 2372 hausisse
668 2314 825 2389 praecipue
858 2315 1020 2372 affirmatur
1047 2334 1078 2373 re
1106 2313 1243 2389 quadam,
1265 2331 1342 2388 quae

280 2412 375 2488 capite
392 2416 498 2470 octavo
520 2412 629 2470 tradita
650 2415 680 2470 et
701 2433 718 2470 a
739 2412 879 2472 Sallustio
892 2413 1000 2472 omissa
1012 2414 1048 2471 ad
1060 2412 1092 2471 T.
1105 2413 1230 2488 Turpilii
1241 2411 1342 2483 Silani,

278 2508 378 2583 Vagae
415 2510 565 2585 praefecti,
603 2509 821 2569 damnationem
853 2511 990 2586 pertinet,
1023 2510 1058 2569 de
1090 2530 1149 2588 quo
1182 2509 1342 2568 Sallustius

278 2609 394 2665 tantum
423 2607 581 2666 memoriae
609 2607 747 2683 prodidit,
780 2608 959 2683 supplicium
981 2608 1016 2666 de
1039 2627 1072 2666 eo
1095 2611 1249 2684 sumptum
1270 2627 1343 2667 esse.

278 2704 321 2762 Ex
349 2705 509 2764 Plutarcho
536 2705 741 2781 cognoscimus
768 2705 944 2782 Turpilium,
966 2707 1077 2765 Metelli
1097 2708 1281 2782 praefectum
1302 2708 1343 2764 fa-

278 2803 373 2870 brum,
405 2803 579 2862 familiarem
611 2807 640 2862 et
668 2804 817 2880 hospitem
843 2805 974 2880 patrium
995 2805 1095 2863 fuisse.
1138 2806 1220 2863 ldem
1242 2804 1343 2864 narrat

278 2901 414 2972 Marium,
437 2920 504 2960 cum
526 2901 634 2961 iudicio
657 2901 782 2973 adesset,
803 2903 833 2961 in
856 2923 923 2962 eum
944 2903 1102 2979 praecipue
1124 2904 1230 2962 acriter
1247 2903 1342 2962 invec-

278 3001 352 3070 tum,
384 3002 511 3058 mortem
543 2999 605 3058 eius
638 3001 850 3075 expostulasse,
878 3004 914 3060 ut
935 3000 1086 3076 Turpilius
1107 3001 1227 3060 Metello
1249 3001 1342 3060 invito

279 3097 375 3173 capite
412 3098 557 3156 multatus
590 3097 637 3157 sit.
690 3098 798 3157 Postea
829 3100 995 3158 innocentia
1025 3098 1150 3174 Turpilii
1187 3099 1344 3158 manifesta

278 3196 357 3254 facta
388 3195 460 3254 alios
491 3195 603 3254 Metelli
624 3196 802 3268 miseruisse,
824 3197 951 3254 Marium
971 3216 1041 3256 vero
1063 3197 1199 3272 gavisum
1221 3216 1284 3256 esse
1306 3197 1342 3255 de

278 3294 391 3352 Metelli
411 3294 489 3352 mala
511 3294 698 3365 conscientia,
721 3314 796 3370 quae
817 3314 863 3353 res
874 3295 970 3371 prima
982 3314 1071 3354 causa
1082 3299 1160 3355 esset
1171 3295 1341 3369 simultatis,

278 3412 337 3468 qua
357 3412 426 3452 mox
448 3396 478 3452 et
499 3412 615 3468 semper
636 3393 712 3452 inter
733 3412 764 3451 se
786 3393 930 3453 arderent.

318 3491 504 3567 Quamquam
537 3492 610 3551 haec
641 3492 739 3551 omnia
770 3493 850 3568 apud
881 3492 1055 3552 Sallustium
1082 3512 1142 3552 non
1165 3497 1243 3565 sunt,
1265 3513 1341 3569 opus

277 3608 337 3648 non
358 3608 421 3648 esse
442 3589 560 3648 videtur
582 3593 711 3649 statuere
733 3609 802 3648 eum
822 3591 904 3650 fonte
925 3610 1013 3650 usum
1036 3609 1108 3661 esse,
1130 3591 1190 3666 qni,
1211 3593 1291 3667 quod
1304 3592 1341 3650 ad

277 3687 352 3746 hanc
374 3691 468 3747 totam
490 3708 552 3746 rem
573 3689 710 3763 pertinet,
732 3689 893 3748 Plutarcho
904 3689 1025 3764 ignotus
1037 3689 1142 3761 suerit3
1154 3693 1256 3749 utrum
1268 3693 1340 3751 Tur-

277 3785 367 3860 pilius
389 3787 418 3843 in
441 3787 528 3862 culpa
548 3787 639 3844 fuerit
659 3806 749 3846 necne
760 3807 867 3863 parum
879 3807 909 3846 se
921 3789 1099 3864 comperisse
1110 3789 1235 3848 affirmat
1247 3790 1339 3849 Sallu·

278 3883 353 3942 stius
366 3885 389 3958 6)
411 3888 441 3942 et
462 3887 579 3943 tantum
601 3889 701 3943 narrat
722 3885 868 3960 Rutilium
889 3887 986 3945 virum
1008 3887 1090 3962 turpi
1100 3887 1162 3946 vita
1172 3888 1272 3959 fuisse,
1285 3889 1340 3945 im-

276 3981 405 4057 probum
436 3982 701 4059 intestabilemque,
731 4003 806 4060 quae
827 4003 886 4043 non
907 3985 1068 4045 necessarie
1091 4005 1158 4044 cum
1179 3986 1340 4047 Plutarcho

314 4259 422 4324 ¹l64,5
442 4270 530 4326 -66,
550 4270 572 4317 1.
600 4295 629 4303 -
659 4261 677 4325 ⁹)
695 4283 773 4330 supra
789 4285 813 4331 p.
833 4274 863 4318 39
883 4276 967 4320 annot.
988 4275 1009 4319 1.
1038 4298 1066 4306 —
1097 4263 1154 4327 ”lc
1174 4273 1280 4322 66-70.
1309 4297 1339 4310 ·-

279 4344 298 4410 ⁴]
317 4367 337 4400 a.
357 4356 378 4401 s.
399 4378 429 4386 —
450 4345 468 4409 ⁶)
486 4369 507 4400 c.
527 4355 566 4412 rs,
584 4357 607 4402 2.
628 4381 656 4390 -
678 4346 696 4412 ⁶]
716 4357 756 4414 cr,
774 4358 797 4405 a.
