2916 5062
802 496 840 554 36

289 655 371 732 quod
402 655 504 713 eadem
537 655 627 712 verba
659 655 747 711 etiam
780 655 922 729 leguntur
954 673 1020 711 cum
1049 653 1128 727 apud
1149 649 1313 726 vellelum
1339 653 1362 724 1)

294 754 380 825 „belli
402 798 408 811 .
433 799 439 811 .
464 798 469 810 .
493 798 499 810 .
521 753 594 810 benc
620 752 731 827 patrati
753 772 769 809 a
790 752 920 817 Metello
946 751 1015 827 „qui
1036 751 1079 808 bis
1100 750 1278 825 Iugurtham
1299 751 1363 807 urie

291 850 458 927 „fuderat”,
483 853 548 908 tum
566 849 646 925 apud
657 849 796 908 Orosium
806 849 829 922 2)
845 848 1032 923 „(Iugurtha)
1046 849 1156 906 duobus
1174 848 1263 906 etiam
1274 866 1361 922 proe-

291 950 359 1026 „lir's
379 949 513 1018 victus'’;
536 967 624 1022 quem
645 951 806 1022 utrumque
828 966 843 1004 e
865 945 949 1005 Livio
968 946 1101 1004 hausisse
1114 945 1361 1003 credendumest.

329 1043 447 1104 Florus
479 1049 579 1104 narrat
609 1046 633 1119 3)
665 1045 817 1104 Metellum
850 1045 971 1102 Zamam
999 1046 1110 1103 frustra
1138 1043 1259 1119 petiisse
1281 1042 1307 1114 4)
1331 1046 1363 1102 et

291 1143 413 1202 Thalam
446 1143 557 1219 cepisse
579 1142 612 1216 ⁵).
661 1142 736 1200 Dein
766 1143 838 1200 haec
870 1141 968 1212 habet,
1001 1161 1076 1216 quae
1108 1160 1256 1216 nusquam
1288 1139 1361 1197 alibi

289 1242 398 1300 tradita
427 1241 581 1300 videmus:
607 1241 760 1311 „Metellus
784 1285 818 1299 ..
845 1285 850 1296 .
873 1257 973 1314 regem
995 1284 1001 1296 .
1025 1283 1032 1296 .
1056 1285 1062 1297 .
1084 1238 1143 1296 iam
1163 1238 1267 1295 finium
1289 1257 1361 1295 suo·

293 1360 374 1411 „rum
397 1339 539 1414 regnique
561 1338 723 1413 fugitivum
744 1357 795 1413 per
818 1338 938 1396 Mauros
960 1340 1049 1412 atque
1073 1334 1238 1394 Gaetuliam
1255 1355 1360 1410 seque·

293 1438 426 1510 „batur'’3
459 1438 510 1495 sed
542 1437 603 1494 sine
636 1435 726 1494 dubio
759 1436 886 1511 scriptor
915 1436 945 1492 in
967 1454 1094 1493 errorem
1117 1434 1228 1492 incidit.
1267 1433 1361 1509 Apud

292 1538 444 1594 auctorem
466 1554 554 1594 suum
577 1534 706 1607 (Livium
717 1534 743 1607 5³)
765 1533 871 1608 legisse
894 1532 1012 1591 videtur
1033 1531 1211 1606 Iugurtham
1233 1531 1264 1588 in
1286 1529 1360 1589 Gae-

293 1633 395 1691 tuliam
418 1636 448 1691 et
469 1632 683 1691 Mauretaniam
703 1632 816 1706 fugisse
839 1631 1041 1707 (quodetiam
1063 1650 1080 1687 a
1102 1629 1242 1688 Sallustio
1260 1649 1360 1688 narra-

290 1735 341 1788 tur
352 1730 386 1802 6),
406 1734 436 1788 et
453 1731 607 1789 Metellum
626 1728 702 1799 dein,
720 1732 880 1804 postquam
899 1728 1010 1788 Cirtam
1021 1728 1215 1804 praeterierit,
1227 1726 1359 1803 regibus

292 1828 343 1904 qui
375 1846 446 1903 opes
469 1827 697 1898 coniunxissent,
720 1826 838 1885 obviam
862 1827 957 1885 ivisse.
1000 1827 1152 1896 Quantum
1173 1825 1258 1885 nobis
1282 1845 1359 1885 com-

192 2004 195 2009 ·
291 1926 387 2001 perire
408 1926 486 1996 licet,
509 1926 645 1983 Metellus
667 1925 739 1983 fines
757 1924 915 1982 Numidiae
928 1925 1085 1984 Orientalis
1098 1944 1259 2000 numquam
1274 1944 1358 1999 supe·

290 2023 376 2094 ravit,
409 2023 517 2081 nedum
550 2022 717 2081 Gaetuliam
749 2025 778 2080 et
807 2023 1021 2081 Mauretaniam
1049 2022 1177 2097 petierit.
1221 2019 1357 2080 (lrosius

291 2120 444 2196 disputans
467 2120 502 2179 de
525 2120 745 2179 condicionibus
768 2123 797 2178 et
818 2119 981 2195 imperatis
1004 2140 1079 2195 quae
1100 2121 1239 2179 Metellus
1253 2120 1358 2195 lugur-

290 2219 381 2289 tham,
404 2238 434 2277 se
457 2218 562 2277 dedere
584 2238 643 2277 non
664 2221 831 2294 negantem,
853 2219 993 2294 perficere
1015 2218 1110 2289 iussit,
1133 2218 1238 2277 eodem
1260 2218 1361 2289 modo,

292 2336 378 2393 quem
412 2335 501 2391 snpra
533 2316 563 2372 in
594 2317 651 2374 alia
682 2336 712 2374 re
734 2317 918 2375 ostendimus
942 2316 975 2389 ⁷),
998 2336 1015 2374 a
1037 2315 1178 2376 Sallustio
1201 2316 1360 2392 discrepat.

290 2414 448 2473 Sallustius
469 2414 525 2472 hoc
547 2418 663 2472 tantum
685 2419 785 2472 narrat
797 2415 974 2490 Iugurtham
987 2416 1101 2490 argenti
1116 2415 1216 2490 pondo
1231 2415 1359 2474 ducenta

199 2578 202 2585 ,
291 2513 372 2570 milia
393 2512 514 2571 solvisse
526 2511 559 2585 8),
579 2513 760 2587 elephantos,
774 2532 875 2588 equos5
887 2514 1027 2588 perfugas
1039 2515 1205 2585 nonnullos
1219 2514 1358 2589 (quorum

290 2629 431 2670 numerus
452 2629 510 2669 non
533 2610 712 2682 denotatur),
734 2611 910 2681 tradidisse3
933 2610 1050 2670 obsides
1071 2632 1141 2671 vero
1164 2612 1268 2672 eodem
1290 2632 1357 2672 auc·

291 2713 355 2768 tore
386 2728 444 2768 non
477 2708 512 2767 ab
546 2708 702 2784 iugurtha,
736 2709 787 2767 sed
808 2729 825 2766 a
846 2709 994 2768 nonnullis
1016 2711 1133 2786 oppidis
1156 2710 1218 2769 dati
1240 2715 1310 2770 sunt
1327 2712 1359 2785 9).

292 2805 413 2864 Orosius
436 2810 538 2865 contra
559 2808 707 2864 trecentos
729 2805 858 2881 obsides
881 2806 996 2881 copiam
1015 2808 1156 2866 frumenti
1168 2811 1198 2866 et
1209 2808 1266 2867 tria
1278 2809 1360 2867 milia

294 2904 421 2978 amplius
442 2905 636 2979 perfugarum
658 2904 693 2961 ab
716 2904 864 2979 iugurtha
886 2904 1001 2963 deditos
1023 2925 1086 2964 esse
1108 2907 1234 2982 scripsit.

332 3001 379 3058 Ex
410 3001 467 3061 illis
500 3002 637 3061 omnibus
669 3003 781 3060 efficere
814 3002 894 3072 licet,
927 3003 1017 3060 alium
1050 3006 1200 3062 auctorem
1224 3004 1361 3077 (fortasse

293 3098 425 3172 Livium)
457 3120 503 3158 res
536 3121 552 3158 a
573 3100 693 3159 Metello
715 3100 744 3157 in
766 3100 867 3158 Africa
888 3103 987 3175 gestas
1009 3101 1103 3175 magis
1126 3101 1273 3176 aequabili
1294 3123 1360 3177 pro·

292 3197 405 3256 lixitate
437 3201 467 3256 et
497 3197 562 3257 ideo
593 3198 739 3274 pleniores
771 3218 860 3274 quam
882 3198 1040 3257 Sallustius
1062 3199 1141 3269 fecit,
1164 3199 1271 3258 litteris
1294 3220 1359 3260 con·

293 3295 434 3371 signasse,
467 3296 518 3372 qui
549 3315 643 3371 neque
676 3295 711 3353 ab
743 3296 798 3355 hoe
826 3296 999 3372 pependerit
1020 3317 1124 3373 neque,
1146 3301 1181 3356 ut
1202 3298 1359 3357 verisimile

294 3396 348 3464 est,
371 3413 405 3452 ex
427 3393 530 3453 eodem
551 3394 633 3452 fonte
654 3394 795 3453 hauserit.

334 3491 449 3550 Tertiae
467 3492 579 3550 Metelli
594 3511 693 3550 rerum
707 3495 858 3566 gestarum
871 3492 1088 3568 explicationis,
1096 3494 1122 3552 ei
1136 3494 1220 3553 valde
1232 3495 1359 3571 iniquae,

293 3590 419 3666 vestigia
440 3590 519 3666 apud
540 3586 729 3662 Appianum
750 3590 949 3648 inveniuntur.
981 3591 1062 3660 Quae
1081 3592 1116 3649 de
1128 3591 1182 3650 hae
1194 3591 1264 3650 belli
1275 3597 1359 3668 parte

295 3687 330 3745 ab
363 3707 397 3746 eo
429 3691 544 3746 serrata
575 3691 644 3746 sunt
672 3688 813 3763 leguntur
844 3688 874 3746 in
896 3689 958 3746 eius
979 3683 1102 3746 ‘Rerum
1124 3689 1359 3748 Numidicarum'

296 3785 391 3860 capite
413 3785 550 3855 secundm
566 3820 599 3826 —
612 3784 664 3842 ubi
685 3788 860 3860 persecutus
883 3790 929 3844 est
949 3786 1057 3844 famam
1068 3787 1206 3862 pigritiae
1218 3791 1248 3846 et
1260 3788 1360 3847 crude·

294 3883 396 3952 litatis,
427 3902 552 3958 quarum
583 3882 691 3941 milites
722 3884 871 3942 consulem
893 3885 1066 3959 arguebant,
1089 3905 1155 3944 cum
1177 3886 1207 3944 in
1228 3887 1360 3946 Africam

331 4173 348 4236 ¹)
365 4181 428 4234 vm,
446 4181 480 4237 11,
502 4183 540 4238 11,
559 4184 581 4227 2.
602 4205 632 4215 -
653 4172 670 4237 ⁹]
690 4184 761 4231 oros.
780 4185 808 4242 v,
828 4187 867 4242 ra,
886 4185 908 4232 r.
929 4210 957 4220 -
980 4177 998 4240 3)
1016 4186 1083 4233 rior.
1102 4188 1149 4245 111,
1169 4191 1191 4244 1,
1211 4191 1357 4238 ro-ra.-

296 4257 315 4322 4)
333 4266 392 4312 ride
410 4279 486 4324 supra
505 4267 552 4312 sub
571 4266 594 4313 5.
615 4291 645 4298 -
676 4259 694 4321 ᾗ)
712 4280 736 4315 v.
758 4281 777 4314 a.
799 4283 818 4315 s.
837 4270 861 4316 a.
881 4295 911 4303 -
940 4262 959 4324 ⁶)
978 4272 1017 4327 80,
1037 4273 1049 4317 l
1069 4274 1094 4316 et
1113 4274 1151 4328 81,
1172 4274 1192 4319 l.
1214 4299 1243 4307 -
1266 4265 1283 4329 ἵ)
1301 4276 1359 4322 ride

295 4365 371 4414 supra
387 4365 412 4411 p.
431 4351 470 4396 30.
491 4371 520 4382 —
541 4342 559 4405 8)
577 4365 654 4410 supra
671 4353 719 4399 sub
737 4353 760 4399 6.
781 4378 810 4386 -
831 4345 849 4409 9)
869 4356 907 4412 54,
927 4357 948 4401 6.
