2916 5062
633 480 671 539 31

204 638 233 695 in
255 638 377 714 planitie
398 639 527 698 fluminis
549 659 617 699 eum
636 641 804 716 expectavit
814 642 1020 717 proeliumque
1033 642 1190 714 commisit,

204 735 325 794 inferior
353 736 478 795 discedit
501 737 532 810 1).
576 738 641 808 Quo
669 739 748 798 facto
780 738 852 796 urbs
884 738 967 798 Sicca
1000 759 1017 797 a
1044 740 1192 816 Iugurtha

204 833 329 893 descivit
340 835 363 908 ²)
386 840 416 893 et
435 835 583 906 Metellus
605 856 658 911 per
679 837 872 912 quatriduum
884 837 963 913 apud
975 839 1085 896 fiumen
1096 857 1190 897 mora·

206 935 262 1002 tus¹
286 935 382 991 castra
403 933 498 992 morit
532 939 552 1007 ).

148 1067 157 1087 .
205 1029 236 1088 G.
260 1032 327 1102 54,5
352 1066 386 1073 —
410 1033 487 1102 55‚3.

244 1127 382 1186 Metellus
411 1147 479 1186 cum
500 1129 631 1188 exercitu
652 1129 682 1187 in
702 1131 767 1189 loca
789 1131 1014 1206 opulentissima
1034 1131 1192 1190 Numidiae

204 1225 366 1300 profectus,
398 1226 565 1285 incursione
597 1228 626 1285 in
658 1228 791 1287 hostium
822 1247 909 1303 agros
930 1229 1017 1300 sacta,
1041 1229 1191 1304 equitibus

205 1322 370 1398 Iugurthae
402 1323 501 1383 subito
533 1325 678 1400 impetum
709 1326 739 1382 in
771 1345 839 1384 eum
871 1326 1057 1397 facientibus
1083 1344 1191 1400 magno

206 1420 313 1480 damno
335 1422 469 1480 afficitur.
502 1422 628 1482 Senatus
650 1422 802 1482 Romanus
824 1424 1071 1500 supplicationem
1088 1425 1191 1483 ineius

204 1518 347 1578 honorem
369 1519 508 1579 decernit.

146 1655 155 1675 .
206 1617 237 1677 O.
260 1620 328 1689 55‚3
353 1654 387 1662 -
411 1620 488 1690 61,2.

244 1716 393 1788 Metellus,
425 1718 571 1776 exercitus
603 1717 695 1776 altera
723 1721 807 1793 parte
828 1719 922 1777 Mario
945 1719 1063 1789 tradita,
1086 1718 1193 1776 statuit

205 1832 378 1889 oppugnare
400 1815 529 1886 Zamam,
562 1814 650 1890 (quae
682 1815 753 1874 urbs
785 1816 842 1874 sita
872 1819 918 1874 est
948 1834 1008 1874 non
1041 1815 1148 1892 procul
1178 1835 1194 1873 a

205 1911 342 1971 Muthule
373 1913 494 1972 flumine
525 1913 555 1970 in
577 1914 720 1972 orientem
741 1933 835 1984 versa,
857 1914 981 1990 propius
1003 1933 1020 1971 a
1041 1913 1194 1989 provincia

205 2009 359 2083 Romana).
401 2011 566 2087 Postquam
598 2011 670 2070 satis
702 2011 791 2087 longa
822 2015 851 2069 et
880 2011 955 2069 dura
983 2011 1097 2071 obsidio
1120 2011 1193 2068 nihil

205 2109 327 2183 proluit,
343 2109 415 2184 'finis
436 2109 471 2167 fit
492 2109 686 2185 expeditionis
707 2109 776 2167 anni
796 2108 1027 2180 109¹;Metellns
1038 2109 1192 2185 praesidiis

205 2206 234 2263 in
266 2207 392 2283 oppidis,
414 2227 491 2283 quae
513 2228 530 2266 a
550 2207 698 2283 Iugurtha
726 2207 905 2278 defecerunt,
934 2208 1085 2267 collocatis
1106 2206 1142 2280 4),
1164 2207 1194 2265 in

205 2305 387 2380 provinciam
408 2305 571 2365 Romanam
594 2307 624 2364 in
644 2305 834 2365 hibernacula
856 2325 886 2365 se
908 2306 1022 2382 recipit.

149 2440 159 2459 .
206 2401 508 2474 0.61‚3-62,10.

246 2498 418 2577 Insequenti
448 2501 544 2560 hieme
576 2504 614 2577 (a.
640 2504 756 2561 1091et
780 2503 856 2576 108³)
888 2502 1037 2577 Iugurtha
1062 2502 1097 2561 de
1119 2521 1191 2577 pace

207 2616 294 2673 agere
324 2599 422 2673 pergit
451 2599 503 2657 sed
538 2602 568 2657 et
588 2602 660 2658 tnnc
680 2600 818 2659 Metellus
840 2600 955 2675 legatos
977 2601 1040 2658 eius
1063 2619 1193 2658 corrum-

206 2715 276 2771 pere
308 2700 441 2767 conatuS,
471 2700 505 2754 nt
532 2716 633 2771 regem
655 2697 711 2756 sibi
731 2698 890 2769 traderent,
913 2698 1055 2756 simulans
1077 2717 1107 2757 se
1129 2699 1193 2757 eius

208 2794 365 2853 deditionis
388 2795 585 2854 conditionem
607 2795 740 2871 accipere
762 2797 845 2868 velle,
872 2816 970 2872 regem
994 2797 1104 2873 decipit
1125 2798 1192 2855 alia-

208 2911 265 2968 que
287 2892 422 2969 imperat,
445 2913 520 2968 quae
542 2893 690 2968 Iugurtha
710 2894 826 2969 perficit
846 2894 880 2968 ⁵).

149 3028 158 3048 .
208 2990 238 3049 0.
262 2991 328 3062 63,1
354 3027 387 3034 -
412 2992 490 3061 66,1.

247 3088 311 3146 Hac
332 3088 428 3146 hieme
452 3086 542 3166 109l8
565 3088 596 3149 0.
618 3089 729 3148 Marius
751 3090 867 3164 legatus
889 3089 994 3150 Uticae
1016 3091 1046 3149 in
1064 3090 1193 3151 hibernis
1247 3085 1249 3090 ’

208 3191 341 3245 moratus
353 3186 494 3259 subsidia,
507 3186 615 3264 quibua
628 3188 815 3247 consulatum
826 3190 950 3264 peteret,
964 3189 1020 3248 sibi
1032 3193 1191 3266 comparat.

150 3323 159 3343 .
209 3284 240 3343 C.
264 3285 330 3356 66,1
356 3319 390 3328 -
415 3287 461 3344 70.

247 3382 394 3442 Narratur
415 3383 580 3442 coniuratio
602 3387 631 3442 et
653 3383 778 3443 defectio
790 3383 981 3459 Vagensium,
1001 3385 1194 3461 quiextrema

208 3480 304 3539 hieme
336 3501 353 3539 a
384 3482 504 3541 Metello
536 3481 711 3541 desciscunt.
754 3481 784 3540 Is
816 3483 950 3541 tumultu
981 3482 1083 3541 sedato
1116 3481 1193 3541 cives

127 3667 332 3676 ——-.-

164 3810 182 3872 ¹)
201 3807 514 3875 48‚3—-54‚1.-⁹J56,
525 3808 669 3874 3.-⁸)54,
681 3819 745 3864 1.—
765 3808 784 3870 ⁴)
801 3815 944 3863 Verisimile
959 3815 1195 3875 estOirtamcuput

129 3903 209 3963 regni,
235 3917 286 3949 non
312 3903 396 3949 minus
422 3916 498 3962 qnam
523 3903 618 3960 Vagam
645 3905 671 3948 et
697 3903 792 3948 Siccam
819 3901 845 3946 in
863 3901 904 3946 hie
922 3900 1028 3946 urbibus
1052 3900 1194 3946 habendam

130 4001 270 4045 csse;nam
284 3988 328 4034 illa
345 4001 445 4048 quoque
463 3988 524 4033 urbs
549 3989 641 4046 postea
666 3987 837 4033 Romanorum
854 3987 894 4031 est
912 3981 962 4041 (81,
980 3984 1013 4039 2]-
1040 3985 1103 4030 Ihne
1120 3998 1144 4031 v.
1163 3984 1193 4030 cl.

130 4069 211 4126 (num.
231 4074 323 4120 Gesch.
341 4075 369 4130 V,
388 4087 411 4132 p.
440 4069 497 4127 149)
515 4074 596 4131 putat,
621 4071 752 4118 Metellum
771 4070 865 4116 Cirtam
884 4083 898 4115 n
915 4069 1039 4129 Iugurtha
1057 4069 1193 4128 accepisse,

129 4161 265 4217 postquam
283 4159 325 4204 hic
342 4173 393 4205 non
411 4159 448 4205 ita
465 4157 546 4204 multo
564 4160 625 4216 post
652 4156 774 4215 obsequio
791 4168 880 4214 pacem
890 4155 1025 4214 impetrare
1037 4156 1142 4200 conatus
1152 4153 1194 4199 sit.

130 4244 179 4289 Sed
197 4243 242 4289 illa
259 4244 403 4291 coniectura
420 4243 505 4289 minus
522 4241 663 4301 probabilis
682 4244 728 4300 est¹
748 4242 816 4300 quod
830 4240 978 4300 Iugurtham
989 4239 1078 4285 urbem
1088 4238 1194 4286 invitam

130 4329 230 4375 tradere
248 4328 367 4384 Romania
384 4329 500 4388 potuisse
518 4327 561 4373 vix
579 4326 731 4372 credendum
750 4327 796 4373 est
818 4350 847 4359 —
867 4316 886 4379 5)
905 4326 944 4381 62,
964 4325 978 4368 5
996 4326 1022 4369 et
1041 4325 1064 4370 8.
