2916 5062
715 438 752 497 91

135 644 139 649 ·
202 603 229 660 et
250 601 346 678 ripam
369 600 541 659 orientalem
555 599 691 659 Rhodani
701 598 833 658 fluminis
846 598 940 658 secuti
952 598 1268 676 appropinquaverunt

201 699 304 758 castris
325 698 419 756 Mallii
441 697 577 757 Consulis
599 697 628 755 in
651 717 684 755 ea
705 696 769 771 ripa
790 696 919 755 fluminis
940 697 1055 773 positis.

237 795 285 854 Ibi
305 799 372 854 tum
393 816 410 853 a
431 794 562 854 barbaris
581 795 711 871 primum
729 795 795 853 fusa
813 798 859 853 est
877 814 946 870 pars
964 795 1110 871 quaedam
1121 797 1267 855 exercitus

198 893 372 965 consularis,
406 893 453 952 cni
484 893 652 969 praefectus
684 899 747 950 erat
775 891 814 950 M.
827 891 968 952 Aurelius
990 893 1127 966 Scaurus,
1150 895 1267 970 legatus

197 991 346 1062 Consulis,
369 991 421 1067 qui
442 991 504 1067 ipse
527 994 594 1049 ante
617 993 676 1050 tres
698 1009 789 1049 annos
812 989 913 1049 a108⁰
925 992 1082 1050 consulatu
1092 992 1266 1067 perfunctus

195 1093 270 1148 erat.
314 1088 401 1159 Quod
431 1089 456 1148 is
488 1088 568 1164 apud
600 1087 738 1147 Orosium
770 1087 880 1147 dicitur
911 1108 969 1148 non
990 1089 1030 1147 M.
1044 1089 1193 1159 Aurelius,
1216 1089 1266 1148 sed

193 1187 236 1247 M.
249 1187 405 1258 Aemilius,
438 1186 468 1244 id
499 1185 690 1245 tribuendum
723 1189 768 1245 est
800 1205 858 1245 non
881 1186 973 1245 errori
994 1186 1099 1257 Orosii‚
1122 1187 1173 1245 sed
1193 1187 1266 1246 vitio

193 1285 355 1344 manifesto
383 1284 495 1342 librarii
517 1285 548 1357 1).
571 1283 693 1343 Orosius
715 1287 815 1342 autem
836 1283 867 1341 in
888 1285 1061 1360 compendio
1083 1305 1182 1343 rerum
1208 1304 1265 1344 non

193 1383 337 1443 distincte
359 1382 507 1458 separavit
535 1382 609 1440 hanc
629 1382 756 1458 primam
777 1400 917 1457 pugnam,
940 1401 999 1457 qua
1020 1382 1148 1442 Scaurus
1169 1383 1266 1442 rictus

194 1484 254 1551 est,
283 1480 319 1539 ab
349 1481 441 1539 altera
462 1479 588 1551 maiore;
611 1499 698 1539 verus
721 1479 792 1538 ordo
814 1499 912 1538 rerum
935 1481 1124 1555 cognoscitur
1145 1500 1162 1538 a
1182 1480 1267 1540 nobis

194 1599 213 1637 e
242 1579 416 1654 fragmentis
446 1577 549 1637 Dionis
571 1581 601 1636 et
622 1577 765 1636 Liciniani
787 1578 876 1648 solis3
899 1598 933 1636 ea
954 1578 1115 1637 ostendunt
1134 1598 1267 1654 pugnam

195 1677 303 1736 Scauri
324 1679 396 1735 tunc
417 1676 527 1734 factam
549 1694 622 1746 esse,
646 1693 714 1734 cum
736 1675 844 1751 Caepio
865 1676 1267 1736 Proconsulnondumades-

195 1778 252 1834 set.
295 1773 330 1832 In
352 1793 386 1832 ea
406 1792 508 1849 pugna
529 1772 657 1832 Scaurus
679 1792 756 1849 equo
778 1772 910 1832 deiectus
932 1794 949 1832 a
977 1774 1108 1833 barbaris
1131 1774 1266 1850 captivus

195 1872 296 1931 factus
323 1874 376 1930 est.
419 1870 466 1929 Ab
487 1871 533 1929 his
555 1874 655 1929 autem
677 1872 707 1929 iu
729 1870 886 1930 concilium
908 1871 1072 1947 productus
1094 1875 1124 1930 et
1145 1873 1266 1932 interro·

198 1973 288 2045 gatus
321 1968 460 2028 barbaros
482 1971 583 2027 monet
604 1987 640 2026 ne
662 1968 753 2045 Alpes
775 1968 942 2044 transgredi
963 1972 993 2028 et
1013 1969 1041 2027 in
1064 1970 1182 2028 Italiam
1202 1989 1266 2047 per·

198 2086 336 2143 rumpere
359 2070 517 2138 conentur;
540 2065 689 2125 Romanos
712 2067 789 2124 enim
814 2066 941 2126 invictos
957 2067 1090 2142 superari
1101 2087 1159 2126 non
1170 2088 1267 2144 posse.

199 2165 264 2224 Hoc
296 2164 422 2240 superbe
445 2164 567 2224 dictum
596 2163 738 2240 Boiorigi,
761 2164 853 2222 nobili
873 2165 981 2236 iuveni,
1003 2169 1157 2242 tantopere
1179 2166 1267 2224 bilem

200 2263 302 2334 movit,
334 2265 369 2321 ut
397 2261 543 2321 Scaurum
564 2264 712 2338 extemplo
734 2261 833 2337 gladio
854 2281 1030 2338 percussum
1050 2267 1266 2338 prosterneret3

200 2360 288 2419 buius
317 2360 359 2418 rei
396 2361 594 2419 narrationem
627 2361 689 2419 sola
723 2360 852 2418 servavit
893 2361 1021 2436 epitome
1053 2361 1176 2420 Liviana
1206 2364 1265 2422 672.

201 2457 274 2517 Post
305 2461 430 2516 mortem
452 2458 571 2516 demum
593 2457 705 2529 Scauri,
727 2461 762 2517 ut
784 2458 839 2516 soli
862 2457 999 2518 distincte
1020 2460 1143 2518 tradunt
1164 2460 1220 2519 Dio
1242 2460 1267 2532 2)

202 2559 231 2614 et
251 2555 420 2614 Licinianus
442 2555 475 2630 3),
498 2555 615 2614 Mallius
638 2555 748 2614 Consul
773 2555 979 2626 „Cimbrorum
990 2557 1112 2615 territus
1125 2556 1267 2616 victoria''

200 2653 306 2713 litteris
325 2654 509 2729 supplicibus
527 2654 564 2711 ad
583 2653 759 2729 Caepionem
778 2653 884 2725 missis,
903 2654 980 2713 hunc
996 2655 1265 2715 auxiliuoarcessit.

202 2758 309 2836 Caepio
339 2760 469 2835 primum
498 2759 651 2835 respondit
682 2779 712 2819 se
745 2759 843 2819 venire
865 2779 924 2819 non
944 2779 1041 2835 posse,
1064 2761 1163 2820 dicens
1191 2756 1266 2832 ,τὴν

205 2859 337 2935 „aaaron
361 2859 507 2935 ἑκάτερον
532 2853 596 2917 (lala
622 2853 830 2937 (pvbdtcceffl,
858 2867 978 2942 utrique
1005 2886 1089 2926 suam
1116 2869 1267 2942 regionem

200 2962 342 3022 tuendam
374 2981 446 3021 esse.
489 2962 546 3021 Sed
577 2963 678 3039 paullo
706 2966 776 3038 post
804 2964 914 3023 invidia
935 2964 1105 3040 perductus
1128 2969 1210 3024 metu
1231 2986 1267 3025 ne

200 3061 318 3119 Mallius
350 3061 431 3119 solus
459 3059 615 3120 victoriam
635 3064 809 3137 reportaret,
832 3062 869 3120 ad
891 3082 960 3121 eum
980 3063 1070 3134 venit,
1092 3064 1172 3140 apud
1192 3064 1266 3122 mili·

201 3163 245 3218 tes
278 3177 348 3218 suos
380 3159 525 3233 gloriatus
561 3178 608 3230 „se
640 3159 758 3218 timenti
790 3159 911 3219 Consuli
942 3160 1084 3218 auxilinm
1105 3162 1266 3233 laturum”,

201 3257 345 3316 Rhodano
377 3257 497 3316 flumine
525 3257 649 3317 traiecto
672 3261 768 3318 castra
788 3258 891 3334 posuit
912 3261 980 3317 ante
1003 3261 1099 3318 castra
1120 3259 1265 3332 Consulis

201 3465 359 3472 ...ὴ-
362 3465 372 3470 -
377 3465 414 3470 ...-

238 3618 255 3680 ¹)
273 3627 346 3674 oros.
373 3627 402 3683 V,
431 3628 470 3683 16,
489 3629 512 3672 2.
548 3628 620 3683 Quod
638 3627 705 3672 idem
723 3628 894 3675 narrationem
914 3643 999 3676 rerum
1020 3644 1040 3676 a.
1061 3621 1122 3677 105⁰
1136 3632 1266 3688 gestarum

201 3711 291 3770 incipit
308 3710 410 3757 verbis:
431 3712 517 3767 „Anno
537 3712 567 3757 ab
586 3713 649 3757 urbe
668 3712 770 3758 condita
787 3712 926 3771 DCXLII”‚
945 3715 1021 3760 etiam
1038 3715 1143 3761 librario
1154 3715 1266 3762 tribuere

200 3795 294 3856 possis,
312 3808 369 3841 cum
387 3796 549 3842 scribendum
567 3796 659 3842 fuisset
678 3796 847 3856 „DCXLIX”;
865 3799 911 3845 sed
928 3799 1108 3846 verisimilius
1127 3802 1167 3846 est
1181 3800 1266 3859 ipsum

201 3880 327 3936 orosium,
354 3892 411 3924 cum
439 3880 469 3925 de
496 3880 606 3928 Cimbris
632 3883 658 3927 et
685 3881 807 3927 Teutonis
833 3882 898 3929 nihil
916 3886 973 3930 ante
992 3883 1142 3930 tradidisset
1159 3897 1265 3943 cumque

200 3964 278 4011 sciret
304 3964 399 4011 bellum
427 3964 580 4010 Cimbricum
608 3964 699 4011 initum
721 3979 778 4012 esse
797 3980 861 4013 auno
882 3959 949 4025 113⁰,
975 3967 1043 4014 hunc
1061 3982 1154 4014 annum
1171 3982 1265 4028 ponere

201 4049 314 4096 voluisse
333 4051 453 4107 tanquam
472 4049 573 4096 initium
591 4051 667 4108 belli;
686 4053 741 4096 tum
760 4051 786 4096 in
804 4065 834 4097 ea
852 4065 879 4098 re
897 4053 998 4112 erravit,
1015 4054 1084 4113 quod
1101 4054 1133 4100 ab
1151 4067 1181 4100 eo
1191 4054 1264 4099 initio

201 4133 289 4180 statim
316 4132 435 4192 delapsus
462 4134 494 4179 ad
520 4147 560 4179 ree
588 4135 646 4180 anni
666 4132 720 4181 105i
738 4137 891 4184 enarrandas
909 4136 965 4197 ipse
983 4139 1095 4197 neglexit
1114 4151 1141 4184 se
1159 4139 1205 4184 has
1224 4151 1265 4184 res

202 4219 249 4264 sub
275 4217 340 4264 salso
367 4231 432 4264 anno
459 4232 560 4277 ponere.
581 4243 607 4252 -
640 4211 658 4273 ²)
676 4221 725 4267 Dio
743 4222 773 4266 fr.
794 4224 824 4268 89
843 4218 948 4276 (Tenba.
966 4236 990 4285 p.
1009 4219 1075 4278 334).
1096 4248 1125 4256 —
1146 4214 1164 4278 ³]
1183 4223 1265 4287 Iriciu¹⁴

202 4305 241 4364 33,
261 4304 275 4353 5
294 4298 341 4356 led·
360 4303 435 4354 Pertz
453 4316 477 4363 p.
497 4299 545 4357 ³4).
565 4329 595 4353 τ
973 4293 976 4299 ’
1063 4289 1064 4293 ¹
