2916 5062
643 476 681 535 29

124 634 215 702 rediit
227 636 259 709 1).
292 634 419 694 Comitia
440 636 516 693 enim
539 656 573 694 ex
596 655 655 712 quo
678 636 724 694 lex
746 635 831 694 Aelia
852 635 937 693 Fufia
958 636 1019 693 lata
1040 640 1086 694 est
1107 636 1196 707 (anno

128 731 211 805 1540)
243 753 342 792 mense
374 733 525 804 Quinctili,
554 734 610 792 nisi
631 734 704 809 quid
726 753 831 792 causae
853 734 1068 792 interveniebat
1089 753 1142 792 our
1163 753 1197 791 ea

125 829 254 889 deferret
282 834 410 901 senatus,
432 830 626 889 habebantur.
668 831 786 890 Bestiae
815 850 861 890 res
882 834 984 907 gestae
1007 851 1074 890 cum
1096 852 1113 888 a
1134 831 1195 889 Sal·

126 928 218 987 lustio
230 927 255 1001 2)
277 932 342 987 tum
364 950 381 987 a
402 929 486 987 Livio
498 929 532 1003 ³),
544 929 633 988 Floro
644 928 679 1001 1),
692 929 797 988 Orosio
809 929 836 1002 ⁵)
846 933 1012 987 narrantur.
1035 929 1195 988 Sallustius

126 1030 236 1097 autem,
269 1028 298 1085 in
329 1027 418 1087 rebus
451 1027 612 1086 tractandis
635 1028 715 1085 varia
736 1028 916 1102 prolixitate,
939 1028 1028 1085 huius
1049 1029 1128 1085 facta
1149 1027 1196 1086 his

124 1126 230 1200 paucis
262 1126 410 1185 absolvit:
447 1127 570 1198 ,acriter
590 1125 763 1183 Numidiam
783 1126 934 1200 ingressus
958 1130 1003 1184 est
1024 1126 1195 1201 multosque

128 1225 285 1294 „mortales
308 1228 337 1282 et
357 1223 446 1283 urbes
468 1223 582 1300 aliquot
602 1224 762 1299 pugnando
785 1224 880 1298 cepit'
894 1224 927 1295 1).
950 1224 993 1283 De
1015 1244 1087 1299 pace
1106 1243 1194 1299 pecu-

125 1322 175 1379 nia
197 1326 283 1398 capta
304 1326 404 1398 empta
425 1325 455 1381 et
476 1323 511 1380 de
533 1323 596 1381 eius
619 1322 837 1381 conditionibus
859 1323 949 1397 paulo
965 1323 1061 1381 fusius
1075 1322 1196 1398 quidem

126 1419 292 1495 disputavit
304 1420 337 1493 1),
370 1421 421 1479 sed
453 1440 553 1479 earum
585 1440 694 1495 rerum,
726 1439 800 1496 quas
831 1421 973 1496 praefecti
1005 1420 1143 1479 aBestia
1165 1421 1195 1477 in

125 1518 257 1576 exercitu
278 1517 374 1576 relicti
394 1522 560 1594 gesseruut,
581 1522 617 1577 ut
637 1519 769 1577 fructum
791 1538 825 1577 ex
842 1518 990 1593 Iugurtha
1001 1519 1195 1594 perciperent,

125 1635 276 1692 perpauca
306 1619 424 1674 tantum
460 1619 490 1674 et
521 1637 555 1675 ea
586 1637 692 1692 parum
725 1620 803 1675 certe
834 1616 945 1674 tradita
972 1616 1077 1690 99911)
1099 1635 1194 1692 neque

126 1714 312 1774 distinctiora
333 1715 383 1786 eis,
401 1735 476 1791 quae
495 1734 552 1774 non
573 1716 615 1773 ita
633 1716 728 1773 multo
742 1717 811 1790 post
829 1714 940 1772 Romae
953 1713 1149 1772 audiebantur
1161 1713 1195 1787 9).

125 1812 193 1871 Non
225 1812 362 1872 uberiora
393 1816 464 1871 sunt
495 1832 538 1885 ea,
570 1833 644 1888 quae
676 1813 780 1888 reliqui
814 1812 911 1871 fontes
941 1812 978 1870 ad
999 1812 1196 1870 hauriendum

125 1910 279 1986 praebent.

167 2008 320 2068 Secundus
353 2010 522 2086 imperator,
557 2008 682 2085 Spurius
714 2008 888 2068 Postumius
920 2008 1056 2079 Albinus,
1093 2007 1196 2066 consul

125 2108 194 2165 anni
218 2108 293 2179 1101,
315 2109 387 2167 item
407 2109 503 2183 primo
524 2127 592 2166 vere
618 2107 736 2178 „statim
757 2108 819 2183 ipse
840 2107 1197 2184 profectus”inAfr·icam
1249 2162 1252 2167 .

125 2206 208 2264 venit
231 2205 277 2280 ¹⁰),
299 2205 399 2281 ibique
419 2225 514 2280 usque
537 2205 573 2263 ad
595 2208 751 2264 exeuntem
779 2225 910 2264 mensem
922 2205 1042 2263 lunium
1063 2208 1197 2263 moratus

130 2307 307 2379 „postquam
331 2349 397 2362 ....
421 2303 609 2362 comitiorum
632 2303 693 2362 dies
716 2303 896 2362 adventabat
918 2349 923 2362 .
938 2347 945 2361 .
960 2348 966 2362 .
980 2348 987 2361 .
999 2304 1128 2363 Romam
1140 2303 1196 2361 dis-

127 2402 237 2461 cessit”
252 2403 299 2476 11).
340 2402 444 2460 Frater
465 2402 528 2460 eius
551 2402 647 2461 Aulus
670 2402 787 2478 legatus
809 2402 875 2460 inde
897 2422 913 2459 a
935 2422 1033 2461 mense
1055 2401 1196 2471 Quinctili

127 2500 260 2559 eiusdem
282 2500 350 2557 anni
371 2500 408 2558 ad
429 2500 632 2575 insequentem
643 2499 839 2558 Februarium
850 2499 885 2574 12)
898 2500 1039 2558 exercitui
1050 2499 1194 2574 praefuit,

127 2598 184 2657 hoc
204 2617 304 2656 mense
326 2597 452 2673 Spurius
473 2617 527 2672 pro
550 2598 721 2657 consulein
746 2597 1079 2670 9112169992996969611)
1101 2615 1196 2672 usque
1222 2667 1224 2674 Ι

128 2696 166 2754 ad
187 2696 327 2755 Sextilem
349 2696 418 2753 anni
440 2697 505 2754 1091
528 2696 569 2754 ibi
589 2697 706 2754 mansit.

169 2795 251 2865 Quae
283 2794 408 2870 Spurius
438 2795 541 2853 consul
562 2813 638 2853 anno
662 2794 731 2853 110ο
752 2794 782 2851 in
803 2794 905 2852 Africa
926 2794 1018 2868 gessit
1039 2793 1197 2852 Sallustius

128 2893 159 2951 in
180 2892 354 2951 brevissimo
377 2895 536 2968 conspectu
555 2892 657 2966 posuit
669 2892 714 2965 11),
729 2891 780 2951 sed
792 2892 869 2950 idem
882 2892 1097 2967 expeditionem
1109 2910 1197 2966 quam

129 2990 229 3049 Aulus
252 2990 435 3049 ,Postumius
467 3008 567 3047 mense
589 2989 727 3047 Ianuario
749 2989 818 3046 anni
842 2987 908 3047 109¹
930 2988 1071 3047 adversus
1094 2986 1199 3045 urbem

130 3087 248 3159 Suthul,
271 3087 323 3145 ubi
344 3087 423 3162 regis
444 3087 576 3145 thesauri
598 3089 681 3145 erant
694 3087 739 3159 11),
751 3086 883 3162 suscepit
896 3087 941 3160 11),
955 3085 1089 3160 pluribus
1102 3084 1198 3143 verbis

129 3185 298 3261 explicavit.
331 3185 442 3243 Eadem
473 3203 519 3243 res
551 3185 709 3243 memoriae
740 3184 860 3259 prodita
892 3187 937 3242 est
968 3205 984 3241 a
1014 3183 1099 3242 Livio
1114 3182 1199 3256 11),9

130 3283 230 3355 Flore,
259 3283 311 3359 qui
342 3283 414 3340 nihil
445 3283 514 3342 novi
536 3283 658 3342 tradidit
682 3282 717 3356 18)
739 3286 769 3340 et
791 3283 827 3341 ab
850 3282 955 3341 Oresio
967 3282 1012 3353 19),
1034 3281 1096 3356 qui,
1119 3279 1200 3357 quod

130 3382 216 3440 valde
249 3381 439 3439 memorabile
470 3384 524 3450 est,
557 3381 604 3439 hic
635 3399 693 3439 non
720 3380 756 3438 dc
778 3380 897 3451 Suthul,
921 3380 971 3438 sed
991 3379 1025 3437 de
1048 3379 1106 3436 alia
1126 3378 1200 3436 urba

132 3499 240 3556 magna
271 3480 298 3537 ei
329 3479 463 3555 proxima
495 3479 541 3552 11),
574 3479 753 3538 mentionem
783 3479 863 3537 fecit.
907 3477 1027 3536 Orosius
1056 3477 1133 3535 enim
1164 3476 1198 3534 de

135 3577 299 3650 ,thesauris
321 3576 410 3652 regiis
444 3576 523 3652 apud
560 3578 712 3635 Calamam
744 3576 849 3634 urbem
883 3574 1026 3634 conditis'’
1048 3575 1198 3650 loquitur3

132 3677 205 3734 haec
225 3675 297 3733 urbs
327 3694 421 3751 aequo
442 3675 506 3733 iure
527 3675 583 3734 hoc
605 3676 669 3733 loco
691 3674 848 3733 memorari
869 3676 994 3748 poterat,
1017 3672 1068 3731 sed
1090 3672 1201 3730 Sallus-

132 3865 347 3873 *-

170 3984 188 4048 1)
209 3995 249 4049 29,
269 3984 301 4039 a
317 4017 347 4024 -
369 3983 387 4046 ⁹)
407 3993 446 4048 29,
466 3991 520 4038 r·-
533 3991 572 4047 29,
592 3990 616 4036 7.
633 4013 663 4022 —
685 3981 704 4046 ³]
721 3990 778 4036 niv.
797 4003 836 4048 ep.
855 3989 894 4034 c4.
917 4012 946 4020 -
967 3978 985 4041 4)
1003 3987 1070 4034 mor.
1084 3987 1199 4044 111,1,c.

136 4103 166 4111 -
194 4069 213 4133 1)
231 4079 304 4125 cros.
332 4077 360 4132 v,
388 4078 426 4133 15,
444 4077 468 4121 4.
497 4066 515 4128 ⁰)
536 4075 594 4121 sarr.
613 4076 653 4131 26,
673 4077 695 4122 a.
716 4099 746 4108 -
768 4066 824 4129 ²10.
843 4075 883 4120 29.
903 4098 933 4106 -
953 4063 972 4125 8)
990 4073 1030 4128 92,
1048 4073 1062 4117 9
1082 4075 1108 4118 et
1125 4074 1148 4118 4.
1169 4096 1200 4104 -

135 4155 153 4217 ⁹)
173 4165 214 4219 40,
234 4164 256 4209 1.
276 4186 305 4196 -
328 4152 357 4217 11)
371 4162 411 4217 96,
431 4163 452 4207 1.
472 4184 502 4193 -
524 4151 554 4214 ιι)
573 4161 612 4216 96,
630 4161 655 4207 4.
674 4185 704 4193 -
725 4151 756 4213 11)
771 4161 811 4215 96,
830 4159 844 4204 4
864 4183 892 4193 -
912 4159 953 4213 99,
969 4157 993 4202 4.
1013 4180 1043 4188 -
1066 4147 1096 4210 ιθ)
1116 4159 1156 4213 99,
1175 4159 1198 4202 4.

136 4273 162 4282 -
187 4240 218 4302 11)
236 4261 256 4293 0.
268 4248 347 4293 aa-
362 4237 391 4299 11)
402 4247 472 4302 aaa.
485 4269 510 4278 -
529 4235 559 4298 11)
577 4245 616 4301 99,
635 4247 649 4290 9
669 4269 699 4276 -
719 4233 1198 4301 39,1.-11Βὶν.9ρ.94.-109191.

134 4335 181 4392 111,
201 4335 223 4391 l,
243 4335 265 4379 9.
286 4355 315 4364 -
337 4321 368 4384 19)
385 4332 449 4378 Oros
467 4331 495 4388 V,
515 4331 554 4387 15,
573 4332 594 4377 0.
616 4352 645 4362 -
667 4320 697 4383 10)
714 4330 819 4388 Kiepert
836 4327 885 4373 441.
903 4325 990 4385 Autiq.
1008 4327 1058 4373 tab.
1077 4327 1107 4376 X.
