2916 5062
700 456 755 515 105

192 617 294 693 posuit
314 616 485 686 utilitatem,
508 635 598 691 quam
618 616 675 674 hoc
697 635 771 691 opus
793 614 930 691 praebuit
949 614 1200 686 Massiliensibus3
1220 614 1265 674 his

194 715 271 773 enim
298 715 410 774 fossam
436 732 520 772 suam
542 713 619 772 dono
641 713 722 772 dedit
743 713 854 772 Marius
877 717 907 771 et
927 715 1108 789 potestatem
1131 713 1172 773 eis
1194 714 1264 772 fecit

142 822 144 827 ’
194 812 330 888 exigendi
350 812 381 869 in
401 815 554 887 posterum
576 811 702 887 portarii
723 810 885 869 anavibus
908 811 1099 882 mercatoriis,
1122 831 1198 887 quae
1211 831 1265 887 per

194 929 257 968 eam
279 910 309 968 in
331 909 508 969 Rhodanum
529 909 746 968 inveherentur.
789 909 957 967 Praemium
978 909 1034 968 hoo
1055 909 1114 967 fuit
1135 909 1262 968 aMario
1349 934 1351 939 ’
1383 892 1391 910 ”

193 1007 427 1068 Massiliensibus
459 1007 593 1071 oblatum
625 1010 748 1082 propter
778 1006 887 1065 bonam
916 1026 1036 1083 operam
1058 1007 1088 1064 in
1109 1007 1165 1066 hoo
1186 1007 1264 1067 bello

193 1113 231 1174 ab
252 1113 293 1173 eis
314 1113 488 1189 praestitam
513 1103 689 1184 ,decorator
714 1104 795 1164 κατὰ
820 1104 874 1165 τὸν
899 1104 974 1186 πρὸς
995 1102 1197 1186 ’Ἀμβρωνας
1211 1105 1264 1165 καὶ

197 1211 404 1290 ,Τωυγενούς
428 1207 599 1284 πόλεμον”.

233 1316 300 1376 Non
322 1317 420 1376 omnia
441 1319 609 1392 repetemus
632 1335 707 1391 quae
728 1319 882 1392 praetcrea
903 1315 938 1374 de
959 1315 1014 1375 hac
1035 1317 1265 1392 rescripserunt

192 1414 372 1473 Plutarchus
402 1418 432 1474 et
460 1414 586 1485 Strab03
609 1413 680 1472 satis
703 1417 748 1472 est
770 1413 876 1472 dixisse
898 1414 1016 1490 utrique
1038 1414 1144 1472 harum
1165 1434 1264 1473 rerum

193 1520 339 1572 auctorem
369 1513 460 1587 fuisse
489 1513 684 1571 Posidonium.
727 1511 762 1569 Id
784 1531 852 1571 cum
873 1510 932 1568 iam
954 1512 1024 1571 satis
1046 1532 1100 1588 per
1121 1531 1151 1570 se
1173 1513 1264 1570 mani·

192 1611 305 1669 festum
327 1609 374 1681 sit,
396 1614 461 1669 tum
482 1609 537 1669 hac
558 1629 589 1668 re
612 1610 812 1681 confirmatur,
835 1609 924 1686 quod,
946 1612 981 1668 ut
998 1629 1067 1668 mox
1086 1609 1263 1680 videbimus

193 1703 371 1767 Posidonius
386 1707 428 1765 ibi
448 1707 605 1782 Toygenos
627 1706 778 1765 nominare
800 1707 884 1778 solet,
906 1706 959 1764 ubi
980 1710 1117 1766 auctores
1138 1707 1264 1767 Romani

193 1804 353 1881 Tigurinos
375 1805 542 1876 nominant3
571 1805 601 1862 id
622 1807 722 1862 autem
743 1804 800 1863 hoc
821 1803 985 1863 Strabomis
1007 1805 1072 1864 loco
1095 1805 1184 1864 etiam
1206 1805 1263 1864 sac·

193 1907 260 1962 tum
282 1907 351 1962 est.'
368 1903 481 1962 Locum
503 1922 562 1979 quo
583 1902 695 1961 Marius
718 1905 814 1961 castra
824 1902 935 1978 posuit,
948 1902 1151 1962 Confluentem
1163 1903 1263 1962 Isarae

194 2005 225 2060 11
255 2001 399 2072 Rhodani,
422 2001 512 2061 etiam
532 2000 634 2059 Livius
656 1999 852 2071 indicaverat3
875 2000 982 2059 sodex
1004 2001 1140 2059 omnibus
1162 2004 1262 2060 auoto-

193 2098 276 2158 ribus
298 2099 439 2174 quicum
461 2102 627 2175 sequuntur
647 2118 724 2157 unus
746 2101 873 2169 tantum,
896 2098 1027 2171 Orosius
1046 2099 1178 2175 pretium
1196 2118 1263 2174 ope-

193 2215 246 2255 rae
279 2215 342 2255 essc
373 2196 553 2255 existimavit
580 2216 648 2257 eum
669 2197 768 2256 locum
789 2196 941 2255 nominare
964 2196 1002 2270 1);
1024 2196 1131 2271 reliqui
1152 2214 1262 2267 omnes,

195 2294 284 2352 etiam
316 2294 421 2353 Florus
454 2297 484 2352 et
511 2297 616 2352 auctor
648 2294 793 2369 epitomae
815 2296 943 2364 nostrae,
965 2313 1146 2371 quamquam
1168 2298 1264 2353 castra

195 2391 281 2449 Marii
311 2394 485 2460 memorant,
517 2391 616 2450 locum
647 2390 700 2449 ubi
731 2391 896 2449 coluerint
916 2392 1066 2450 nominare
1088 2392 1278 2466 neglegunt,

196 2508 375 2565 quamquam
396 2489 477 2547 nulla
498 2508 528 2547 re
550 2489 644 2564 magis
667 2506 741 2564 opus
764 2492 827 2547 erat
848 2489 885 2547 ad
896 2489 1127 2564 intellegendum
1140 2508 1260 2548 cursum

196 2587 283 2646 huius
304 2586 383 2646 belli.

235 2685 412 2744 Plutarchus
444 2685 581 2769 deinceps
614 2685 676 2760 agit
708 2685 743 2745 de
775 2686 903 2745 consiliis
924 2671 1065 2746 hostium.
1107 2685 1187 2745 Dicit
1209 2704 1259 2744 eos

199 2803 228 2843 se
260 2784 289 2842 in
310 2786 410 2860 partes
432 2783 585 2855 divisisse3
615 2783 718 2841 deinde
741 2783 823 2842 addit
843 2804 934 2842 unam
954 2788 1067 2861 partem
1091 2802 1260 2859 aggressam

194 2901 256 2941 esse
286 2884 383 2941 castra
404 2881 497 2952 Marii,
520 2881 550 2938 id
572 2881 722 2956 quomodo
744 2882 856 2941 factum
878 2883 917 2941 sit
939 2886 1039 2940 narrat
1061 2884 1090 2940 11
1111 2881 1261 2958 quomodo

194 2980 303 3051 hostes,
338 2999 404 3039 cum
438 2983 534 3038 castra
557 2998 729 3055 oppugnare
751 2999 810 3039 non
831 2983 961 3056 possent,
983 2999 1017 3038 ea
1037 2982 1260 3055 praetereuntes

194 3077 223 3135 in
244 3077 347 3136 itinere
368 3077 629 3153 perseveraverint.
661 3077 760 3136 Etiam
781 3081 916 3136 auctores
938 3076 1061 3147 Liviani,
1085 3076 1207 3136 Orosius
1230 3081 1260 3136 et

195 3175 310 3247 Florus,
333 3179 497 3234 memorant
519 3175 692 3234 divisionem
713 3175 859 3245 hostium;
882 3175 912 3233 hi
933 3174 1021 3233 etiam
1043 3174 1144 3234 hostes
1166 3178 1262 3234 castra

194 3273 379 3349 praeteriisse
411 3273 542 3332 tradunt.
585 3272 642 3332 Sed
663 3274 693 3330 in
715 3293 749 3332 11
769 3292 800 3330 11
822 3275 976 3349 tantopere
998 3276 1098 3332 11111111
1119 3274 1261 3333 differunt

196 3371 402 3442 aPlutarohO,
432 3375 468 3429 ut
500 3371 690 3430 manifestum
719 3371 757 3430 sit
778 3371 971 3430 Plutarchum
993 3371 1082 3430 etiam
1103 3371 1158 3430 hac
1179 3372 1209 3430 in
1230 3391 1261 3430 11

198 3469 324 3527 alienum
356 3487 418 3527 esse
451 3488 468 3526 a
495 3468 580 3528 Livio
602 3488 729 3544 eumque
752 3472 872 3527 auctore
893 3488 981 3527 usum
1004 3488 1067 3528 esse
1089 3468 1258 3528 Posidonio.

197 3565 324 3641 insignis
356 3565 552 3642 discrepantia
573 3566 644 3624 haec
665 3569 719 3637 est,
742 3565 822 3642 quod
843 3567 923 3642 apud
940 3567 1133 3625 Plutarchum
1156 3567 1260 3625 divisio

196 3664 326 3723 hostium
356 3665 436 3724 iacta
467 3666 505 3724 sit
537 3673 692 3742 antequam
724 3665 761 3723 ad
790 3668 886 3723 castra
907 3665 991 3724 Marii
1013 3670 1210 3742 pervenerunt
1232 3670 1261 3724 et

197 3761 276 3838 quod
296 3781 358 3820 unc
378 3782 446 3839 pars
469 3764 564 3822 solum
587 3764 624 3822 ad
644 3764 717 3823 haec
739 3768 835 3822 castra
855 3765 1008 3839 pervenit3
1027 3764 1107 3840 apud
1125 3767 1260 3824 auctores

198 3879 267 3919 vero
289 3859 428 3920 Livianus
450 3862 550 3921 hostes
572 3863 703 3921 nondum
725 3861 812 3921 divisi
828 3864 961 3937 primum
983 3862 1020 3919 ad
1041 3865 1137 3932 castra
1158 3882 1260 3938 perve-

172 3964 174 3969 ’
197 3957 291 4029 niunt,
323 3960 426 4017 deinde
456 3947 629 4019 divisionem
655 3961 735 4018 illam
756 3959 860 4019 incunt
880 3963 1039 4040 postquam
1061 3963 1157 4025 castra
1177 3979 1260 4042 prae·

235 4303 251 4367 l
271 4313 343 4364 orae.
361 4313 390 4385 v,
409 4314 448 4388 16,
467 4317 488 4376 a.
