2916 5062
627 475 664 533 57

111 633 168 692 bns
188 633 330 692 Romanis
352 634 490 709 expulsis,
513 654 577 693 eam
598 634 747 710 propriam
770 652 871 694 socero
892 633 1080 693 redditurum
1100 637 1131 693 et
1149 634 1178 694 in

111 734 291 807 perpetuum
312 733 431 807 tempus
453 750 662 791 concessurum
684 751 757 791 esse.

113 826 146 888 4.
188 829 441 901 aeae-95,
466 831 490 887 1.

152 925 273 999 Marius,
295 931 455 1004 postquam
476 927 514 985 ad
535 929 723 987 Muluccham
739 928 848 987 flumen
859 928 1003 1004 pervenit,
1016 928 1179 988 Castellum

115 1024 262 1101 quoddam
284 1025 425 1097 adoritur,
451 1025 549 1101 ,quod
569 1025 611 1083 ibi
631 1026 709 1100 regis
730 1025 863 1084 thesauri
884 1029 996 1085 erant’'.
1025 1027 1069 1085 De
1090 1026 1179 1085 huius

116 1124 225 1182 castelli
256 1123 409 1183 obsidione
440 1128 471 1183 et
498 1124 716 1200 expugnatione
737 1124 834 1183 fusius
855 1127 885 1183 et
905 1124 1027 1183 uberius
1049 1125 1179 1200 disputa·

115 1225 177 1280 tum
198 1225 252 1281 est.
285 1223 365 1281 Dum
386 1222 416 1279 id
438 1223 593 1281 castellum
615 1221 769 1282 obsidetur
790 1221 872 1280 Sulla
893 1225 1033 1296 quaestor
1050 1223 1180 1297 primum

115 1321 141 1377 in
163 1324 260 1379 castra
281 1320 400 1379 advenit
420 1324 451 1378 et
471 1340 526 1396 pro
546 1324 631 1396 parte
654 1318 781 1396 quadam
807 1319 953 1379 obsidioni
974 1321 1058 1379 adest
1080 1319 1112 1392 1).

152 1418 196 1476 De
217 1418 276 1475 illis
297 1418 385 1477 rebus
407 1414 526 1478 Livius
547 1438 606 1477 non
628 1418 684 1476 nisi
705 1418 778 1476 haec
799 1418 902 1476 habet:
928 1417 1092 1493 ,Iugurtha
1113 1419 1180 1494 pul-

119 1535 183 1587 ,sns
205 1536 221 1574 a
243 1516 275 1574 G.
296 1516 390 1575 Mario
411 1516 572 1575 Numidia'’
586 1517 619 1591 2).
652 1513 773 1574 Florus
795 1515 828 1589 ³),
850 1519 1011 1591 postquam
1033 1517 1067 1575 de
1086 1516 1181 1592 Capsa

117 1617 283 1689 expugnata
304 1613 387 1685 dixit,
409 1633 468 1673 non
490 1615 525 1672 de
544 1615 666 1684 castello,
685 1633 743 1673 non
761 1614 848 1688 longe
861 1634 878 1672 a
889 1614 1046 1673 Muluccha
1060 1615 1181 1672 flumina

117 1712 181 1783 sito,
214 1711 266 1771 sed
294 1711 329 1770 de
365 1713 540 1784 „Muluccha
561 1712 650 1772 urbc'’
671 1712 852 1770 mentionem
873 1711 951 1770 fecit.
994 1707 1129 1770 Orosius
1151 1712 1181 1769 in

116 1810 221 1867 mirum
242 1828 372 1869 errorem
393 1810 497 1869 incidit
517 1810 551 1884 4).
575 1811 667 1868 Putat
688 1810 813 1885 (lapsam
836 1809 930 1884 ipsam
948 1827 1011 1868 esse
1028 1809 1180 1885 oppidum,

117 1907 198 1966 cuius
229 1908 386 1967 thesauros
418 1908 530 1966 Marius
563 1908 682 1984 ceperit,
715 1927 805 1983 quam
837 1907 874 1967 ob
907 1925 1027 1966 causam
1055 1906 1180 1982 (lapsam

121 2006 224 2080 ,regiis
245 2010 317 2064 tnnc
337 2006 484 2065 thesauris
504 2006 768 2065 consertissimam”
781 2006 853 2064 dicit
865 2004 1005 2081 additque
1017 2025 1081 2063 eam
1096 2005 1181 2076 ,dolo

121 2103 366 2173 ,circumventam
394 2107 571 2180 captamque
600 2107 693 2162 esse''.
736 2103 794 2162 Sed
814 2105 886 2163 haec
908 2103 1006 2162 omnia
1028 2103 1057 2161 in
1079 2104 1181 2162 castel-

117 2200 177 2259 lnm
209 2200 247 2259 ad
275 2201 464 2260 Muluccham
492 2202 602 2260 flumen
634 2202 725 2260 situm
747 2201 865 2260 cadunt.
908 2202 943 2259 ln
965 2221 1033 2260 eum
1054 2220 1182 2260 errorem

119 2299 263 2358 adductus
295 2318 358 2358 esse
389 2299 508 2358 videtur
539 2300 575 2358 ab
608 2302 729 2358 auctore
751 2298 889 2374 quodam,
912 2300 963 2375 qui
984 2301 1087 2375 ingens
1108 2299 1182 2357 illud

120 2398 256 2474 spatium,
289 2398 369 2472 quod
391 2404 454 2456 erat
474 2399 551 2457 inter
573 2398 699 2474 (lapsam
721 2397 864 2473 oppidum
886 2401 916 2456 et
938 2397 1101 2469 castellnm,
1123 2417 1182 2456 non

119 2495 243 2554 dilucide
272 2495 457 2570 significavit,
490 2500 526 2555 ut
557 2496 737 2572 quicumque
769 2496 957 2555 festinantius
988 2497 1101 2569 legeret
1128 2516 1181 2571 pu·

116 2596 191 2653 taret
222 2596 384 2670 utrumque
415 2595 445 2652 in
467 2594 570 2653 eodem
592 2595 652 2653 sere
674 2594 740 2653 loco
763 2594 853 2653 situm
874 2595 975 2653 fnisse.
1018 2593 1088 2652 Tale
1111 2593 1183 2670 quid

117 2691 145 2749 in
166 2691 301 2750 Sallustii
320 2692 518 2751 narrationem
540 2691 642 2750 cadere
664 2692 753 2750 modo
774 2691 918 2763 vidimus;
946 2710 1005 2751 non
1025 2692 1183 2750 verisimile

119 2793 162 2848 est
183 2789 274 2848 etiam
295 2789 412 2848 Livium
433 2789 489 2848 hac
509 2789 538 2846 in
561 2809 592 2848 re
614 2792 697 2847 tanta
715 2789 896 2848 obscuritate
917 2789 1081 2860 laborasse;
1104 2808 1182 2847 acce·

120 2886 161 2945 dit
182 2886 264 2963 quod
284 2887 391 2946 Florus
408 2891 566 2963 utramque
578 2906 640 2945 rem
652 2889 680 2962 (e
693 2887 777 2946 Livio
788 2886 939 2959 haustam)
956 2887 1028 2946 bene
1040 2887 1182 2946 distinxit.
1299 2934 1302 2942 .

120 2985 242 3044 Constat
263 2984 383 3060 quidem
405 2985 543 3044 Orosium
565 2985 706 3044 nonnulla
727 2984 762 3043 de
787 2985 862 3043 bello
884 2984 1063 3059 Iugurthino
1077 3005 1112 3043 ex
1126 2985 1183 3044 alio

120 3086 249 3152 auctore,
272 3083 398 3141 sortasse
420 3103 434 3141 e
456 3081 587 3154 Livi05),
610 3082 754 3152 hausisse,
784 3081 865 3158 qnod
887 3101 956 3141 mox
977 3081 1074 3141 denno
1096 3103 1183 3158 appa·

119 3179 210 3252 rebit3
233 3179 285 3238 sed
305 3180 457 3256 probabile
479 3199 536 3239 non
559 3183 604 3238 est
627 3200 698 3238 eum
720 3179 756 3238 ab
778 3180 836 3239 alio
858 3180 1184 3257 auetoreatqueSalln-

120 3279 176 3337 stio
207 3277 273 3353 ipso
305 3278 467 3336 adductum
496 3278 526 3335 in
554 3278 633 3337 hunc
665 3297 794 3336 errorem
816 3277 969 3336 incidisse:
992 3278 1183 3336 statuendum

118 3376 210 3450 igitur
241 3379 286 3435 est
317 3395 385 3434 eum
417 3395 470 3433 sua
501 3395 536 3433 ex
568 3376 618 3434 illo
651 3375 791 3435 sumsisse
820 3379 850 3434 et
878 3394 912 3434 ea
943 3394 1018 3451 quae
1039 3376 1184 3452 excerpsit

119 3492 234 3550 semper
255 3493 270 3531 e
292 3474 376 3533 Livio
399 3473 561 3549 explevisse
583 3476 613 3531 et
633 3473 816 3531 immutasse.
1220 3549 1222 3553 .

158 3572 217 3631 Res
249 3571 286 3629 ad
317 3572 392 3630 hanc
422 3575 537 3647 partem
566 3571 746 3648 pertinentes
774 3591 939 3648 perpaucae
961 3575 1093 3630 servatae
1115 3576 1185 3631 sunt

120 3670 199 3746 apud
219 3666 357 3728 Dionem
379 3670 412 3744 6),
440 3669 490 3728 sed
512 3689 562 3728 ene
584 3669 668 3727 valde
690 3688 794 3744 graves
817 3673 847 3728 et
867 3669 1080 3729 memorabiles.
1123 3671 1184 3728 Pri·

119 3787 201 3826 mum
233 3767 319 3839 enirn,
352 3771 386 3827 ut
408 3768 466 3826 iam
494 3786 584 3843 snpra
612 3767 796 3827 ostendimus
819 3767 853 3840 7),
875 3768 956 3827 solus
977 3768 1035 3826 Dio
1057 3769 1185 3827 servavit

119 3865 198 3924 illam
229 3865 341 3925 Bocchi
372 3866 613 3942 postulationem,
646 3885 736 3941 quam
766 3865 886 3925 reticuit
917 3865 1076 3925 Sallustius
1098 3865 1137 3940 ⁸);
1159 3865 1184 3924 is

156 4157 231 4221 1)95,
251 4167 273 4212 1.
293 4191 323 4199 ·-
353 4157 444 4219 'lLiu
463 4179 502 4224 ep.
522 4166 562 4210 66.
584 4189 613 4196 -
635 4155 654 4217 ³)
672 4163 739 4210 Flor.
757 4165 804 4219 ΠΙ,
825 4165 846 4219 1,
867 4163 904 4210 14.
933 4186 953 4196 -
977 4154 995 4216 ⁴)
1013 4165 1077 4210 Oros
1096 4164 1123 4210 V.
1144 4163 1182 4219 15,

121 4253 143 4296 8.
163 4276 193 4284 -
214 4243 232 4304 ⁶)
251 4253 332 4311 Supra
352 4265 377 4310 p.
397 4254 436 4297 36.
458 4276 487 4282 -
509 4241 527 4303 ⁶)
546 4249 621 4295 Dion.
644 4249 713 4295 Cass.
732 4250 762 4295 fr.
782 4249 821 4305 87,
841 4251 854 4294 5
872 4244 999 4302 (Teubner
1008 4249 1028 4305 1,
1038 4262 1062 4314 p.
1075 4245 1141 4303 334),
1154 4273 1182 4281 -

124 4330 141 4391 ⁷)
157 4349 181 4403 p.
200 4337 231 4384 35
251 4340 316 4405 etp.
336 4339 366 4383 53
388 4339 472 4383 annot.
492 4337 514 4388 ,6.
535 4359 564 4367 -
586 4325 605 4397 ⁸)
625 4335 665 4399 88,
684 4335 705 4388 5,
