2916 5062
716 463 754 520 37

202 621 355 696 profectus
387 624 472 691 esset,
495 641 570 697 quae
596 641 642 680 res
663 640 786 697 prorsus
808 623 970 682 contrariae
992 625 1062 682 sunt
1083 623 1133 694 eis,
1156 644 1231 699 quae
1253 646 1270 684 a

203 700 345 778 Sallustio
365 704 524 781 narrantur
546 721 578 793 1),
602 755 636 763 -
661 727 691 778 et
712 719 808 794 capite
829 721 918 780 tertio
940 740 999 797 quo
1021 722 1270 797 expugnationem

202 814 305 890 Vagae
336 816 419 874 urbis
451 837 468 873 a
498 817 618 877 Metello
650 819 758 876 factam
790 819 928 893 exposuit
949 819 972 885 2)
1005 823 1034 878 et
1064 819 1152 878 nimis
1173 823 1218 879 est
1239 820 1269 878 in

202 914 359 973 atrocitate
388 916 516 973 consulis
538 915 569 973 in
590 916 759 991 transfugas
781 915 897 976 deditos
919 917 1099 993 explicanda.
1141 916 1200 976 Eae
1222 938 1268 977 res

201 1012 283 1087 apud
314 1011 488 1071 Sallustium
520 1033 578 1072 non
607 1014 807 1086 inveniuntur,
840 1034 935 1091 neque
957 1016 1036 1091 apud
1057 1015 1176 1074 Livium
1197 1016 1268 1074 olim

201 1110 350 1170 exstitisse
371 1110 618 1170 verisimillimum
641 1115 694 1171 est.

243 1209 324 1278 Quae
355 1209 514 1268 Sallustius
546 1209 581 1268 de
612 1210 707 1282 Marii,
728 1211 841 1270 Metelli
861 1211 962 1286 legati,
984 1211 1073 1271 rebus
1095 1212 1187 1287 gestis
1208 1215 1267 1272 tra·

201 1306 277 1365 didit
296 1326 351 1382 pro
372 1311 456 1383 parte
478 1307 577 1382 aliqua
588 1308 611 1381 3)
634 1327 701 1367 cum
723 1309 900 1384 quibusdam
923 1330 940 1367 a
962 1306 1144 1368 Plutarcho
1155 1310 1185 1368 in
1196 1310 1266 1370 Vita

200 1405 287 1462 Marii
318 1405 458 1480 expositis
491 1425 661 1481 comparare
682 1407 795 1481 licet4).
837 1407 971 1466 Primum
993 1394 1265 1481 animadveitimus,

200 1503 280 1560 illam
312 1503 464 1562 Plutarchi
495 1504 693 1563 narrationem
724 1508 899 1580 argumento
931 1524 995 1565 esse
1027 1525 1095 1564 eum
1133 1505 1266 1566 Sallustii

200 1620 276 1677 opus
304 1601 410 1661 adiisse
436 1605 466 1661 et
486 1602 656 1678 inspexisse.
699 1603 850 1672 Quaedam
871 1604 948 1662 enim
970 1603 1060 1662 verba
1081 1604 1160 1680 apud
1180 1605 1265 1664 illum

200 1703 369 1770 occurrant,
401 1720 476 1775 quae
508 1700 597 1759 etiam
629 1700 709 1776 apud
736 1701 815 1760 hunc
843 1701 954 1777 scripta
981 1701 1116 1760 videmus
1138 1704 1168 1761 et
1189 1722 1264 1779 quae

198 1797 264 1857 ideo
287 1797 406 1873 quidem
427 1819 444 1856 a
465 1797 607 1857 Sallustio
629 1798 787 1874 desumpta
808 1818 871 1858 esse
893 1799 1040 1870 videntur,
1062 1800 1143 1876 quod
1158 1799 1264 1860 abhoc

199 1896 264 1971 ipso
292 1897 459 1971 excogitata
488 1900 518 1955 et
546 1896 711 1972 composita
739 1899 818 1979 sunt,
861 1896 937 1956 Sunt
964 1900 1064 1973 partes
1085 1897 1262 1970 orationum,

200 2013 273 2069 quas
302 1994 460 2053 Sallustius
488 1994 551 2070 ipse
581 1994 708 2054 confecit
734 1995 887 2070 Marioque
909 1995 1043 2054 subiecit.
1085 1996 1263 2056 Plutarchus

198 2092 228 2150 in
255 2091 343 2150 Vitae
370 2092 456 2150 Marii
483 2093 578 2168 capite
599 2111 677 2152 nono
699 2093 762 2168 agit
783 2093 818 2152 de
841 2093 989 2165 conviciis,
1011 2093 1120 2169 quibus
1141 2094 1262 2167 Marius,

198 2189 360 2248 secundum
381 2210 449 2249 eum
471 2190 529 2248 iarn
552 2191 663 2260 consul,
685 2191 797 2249 Romae
818 2191 932 2250 nobiles
954 2190 1120 2266 castigavit.
1163 2191 1262 2250 Verba

197 2292 267 2346 sunt
295 2287 436 2359 Sallustii,
465 2307 540 2365 quae
568 2289 593 2347 is
621 2289 731 2364 partim
749 2288 773 2363 ὁ)
805 2289 898 2347 Mario
928 2288 1024 2348 adhuc
1052 2290 1167 2349 consuli
1188 2290 1260 2349 desi·

197 2389 288 2460 gnato
309 2386 465 2459 (autumno
487 2386 554 2444 anni
567 2387 641 2457 108¹,
653 2387 743 2462 paulo
759 2390 828 2462 post
844 2406 933 2462 quam
946 2388 1075 2463 populus
1088 2388 1259 2446 Numidiam

196 2484 379 2559 provinciam
407 2485 433 2543 oi
461 2485 612 2559 decrevit),
640 2485 750 2560 partim
778 2484 881 2556 eidem,
911 2485 969 2543 iam
990 2485 1170 2560 magistratu
1189 2486 1264 2546 inito

195 2581 223 2639 in
246 2600 355 2657 magna
375 2582 517 2655 oratione,
539 2602 615 2658 qnae
637 2583 732 2658 capite
756 2581 807 2640 85⁰
829 2583 1007 2654 continetur,
1033 2583 1180 2642 attribuit.

307 2735 386 2794 Plut.
408 2735 480 2793 Mar.
503 2737 521 2794 9
543 2735 620 2794 med.
902 2735 971 2793 Sall.
994 2736 1041 2806 54,
1066 2735 1090 2794 1.

245 2846 375 2929 „oculor
404 2874 435 2912 re
459 2850 599 2933 βοῶντος
622 2851 717 2914 αὐτοῦ
784 2852 936 2924 „dictitare
953 2871 1016 2911 sese
1028 2853 1216 2911 consulatum
1227 2872 1262 2910 ex

199 2961 275 3036 „sip
305 2955 461 3019 ὑπατείαν
486 2955 637 3038 φέρεσθαι
664 2967 718 3037 1513
743 2949 846 3021 „victis
868 2949 925 3008 illis
947 2949 1042 3025 spolia
1064 2950 1205 3025 cepisse.”

199 3080 282 3142 „cmv
317 3065 452 3141 aanor
478 3065 530 3123 καὶ
556 3059 717 3128 πλουσίων
935 3049 983 3118 35,
1006 3047 1052 3107 28·

782 3144 866 3215 „Non
906 3164 1029 3221 possum
1070 3146 1139 3205 fidei
1171 3166 1260 3205 censa

741 3242 900 3317 „imagines
921 3263 1017 3318 neque
1028 3244 1196 3319 triumphos
1208 3248 1260 3303 aut

742 3340 930 3411 „consulatus
958 3341 1103 3400 maiorum
1125 3362 1259 3402 meorum

689 3495 697 3512 ,
741 3441 922 3509 „ostentare3
951 3442 982 3496 at
1003 3439 1028 3497 si
1048 3459 1094 3498 res
1116 3442 1257 3515 postulet,

199 3166 410 3249 „palaciu;''‚

240 3277 313 3355 „aul
368 3286 542 3358 τραύμασιν
590 3279 716 3348 elusium

197 3385 293 3462 „apog
317 3385 371 3446 τὸν
396 3381 506 3463 δῆμον,
526 3385 561 3448 cir
578 3391 714 3464 μνήμασι

198 3508 350 3572 μακρῶν,
373 3489 439 3554 οὐδ’
464 3487 649 3573 ἀλλοτρίαις
670 3517 715 3554 ει·
843 3536 848 3547 .
918 3537 941 3572 ·.

740 3580 762 3606 „.
777 3581 783 3593 .
797 3580 803 3593 .
824 3540 974 3594 creatrices
987 3536 1112 3596 advorso
1125 3558 1255 3614 corpore.

739 3634 818 3704 „Hae
840 3637 910 3693 sunt
924 3653 1006 3702 meae
1021 3635 1173 3710 imagines
1185 3637 1256 3698 haec

739 3732 912 3804 „nobilitas”
935 3752 959 3790 e.
972 3753 1000 3808 q.
1013 3752 1035 3791 s.

255 3823 429 3906 „sollum
474 3825 507 3890 δὲ
550 3830 603 3890 καὶ
645 3832 715 3902 τούς
777 3834 806 3906 (ἓ
830 3832 878 3906 16)

195 3933 434 4019 ποἷτυχήσαιαας
451 3936 485 3998 ἐν
498 3936 604 4020 Λιβύῃ
618 3957 713 4018 ‹upa-
778 3949 828 4001 „ac
850 3930 874 3988 si
891 3930 950 3988 iam
962 3950 996 3988 ex
1007 3932 1142 4007 patribus
1153 3932 1254 3993 Albini

197 3601 283 3676 „ador
310 3598 563 3660 aaanieoaoeaif’

192 4115 395 4123 ———

191 4300 202 4328 Β
227 4215 245 4279 ¹)
264 4225 304 4282 43,
324 4227 345 4272 1.
365 4251 395 4260 —
425 4218 443 4282 ²]
461 4241 539 4290 snpra
557 4229 605 4276 snb
624 4228 647 4279 8.
668 4256 696 4264 -
718 4222 832 4294 ‘'taupra
848 4233 896 4278 snb
914 4231 929 4281 t
948 4235 974 4281 et
991 4232 1015 4280 9.
1035 4260 1064 4270 -
1086 4226 1104 4292 ι)
1125 4249 1146 4282 c.
1165 4237 1255 4286 ‘1-10.

201 4306 270 4367 l84,
290 4311 311 4359 l.
