2916 5062
710 461 747 520 72

192 621 239 679 ehi
261 620 362 679 eadem
385 623 463 691 sunt,
484 620 618 678 fraudem
641 621 779 679 ostendit.
821 621 937 680 Invidia
958 622 1017 692 illa,
1045 638 1134 696 quam
1156 625 1259 682 auctor

192 719 321 794 Appiani
341 719 371 776 in
393 719 504 777 Sullam
528 719 669 789 exercuit,
689 738 756 777 cum
769 718 837 777 odio
851 719 991 777 adversus
1003 720 1167 791 Metellum,
1181 721 1260 794 quod

192 818 222 874 in
242 817 379 892 Appiano
392 836 481 892 supra
497 817 729 888 observavimus,
743 817 853 892 optime
866 818 1003 876 convenit
1017 818 1048 891 ¹).
1071 818 1128 875 Hic
1140 838 1260 876 manum

193 914 438 991 deprehendimus
462 915 635 990 ¹popularis
680 915 834 973 cuiusdam
870 915 1072 974 Romanorum
1111 916 1262 974 annalium

193 1013 354 1088 scriptoris,
377 1013 428 1086 qui
450 1017 517 1071 ante
540 1013 657 1071 Livium
678 1013 744 1083 tuit,
768 1012 880 1087 species
900 1013 1083 1084 eruditionis,
1096 1029 1172 1087 quae
1185 1014 1262 1073 inest

192 1112 221 1168 in
243 1111 339 1169 verbis
360 1111 470 1169 Manlio
493 1111 654 1182 attributis,
677 1111 730 1169 tali
751 1111 866 1169 auctori
888 1111 972 1170 valde
994 1114 1064 1186 apta
1086 1115 1140 1169 est.
1173 1111 1262 1182 Quod

192 1209 229 1266 ad
267 1209 381 1282 reliqua
418 1210 547 1284 pertinet
583 1208 738 1284 Appianas
770 1228 869 1267 rerum
901 1210 1154 1283 gravissimarum,
1189 1225 1263 1284 quas

193 1306 352 1365 Sallustius
376 1307 485 1377 omisit,
507 1307 688 1365 mentionem
709 1307 818 1365 iniecit.

231 1405 401 1463 Extremam
422 1405 508 1462 Marii
529 1404 745 1480 expeditionem
768 1406 909 1465 adversus
928 1405 1071 1464 Gaetulos
1091 1410 1263 1481 susceptam

192 1504 283 1562 fuisse
315 1503 376 1562 sine
405 1503 495 1562 dubio
524 1503 560 1561 ab
583 1506 704 1561 auctore
726 1504 854 1578 quodam
876 1503 1042 1575 deducitur,
1066 1520 1154 1578 quem
1176 1505 1264 1561 Marii

192 1622 238 1660 res
259 1605 358 1676 gestas
380 1601 483 1659 sedulo
505 1604 696 1676 persecutum
718 1601 876 1660 Sallustius
898 1602 1024 1660 fortasse
1043 1602 1185 1677 cognovit
1197 1602 1260 1677 qui-

193 1699 268 1770 dem,
292 1699 342 1757 sed
364 1700 392 1756 in
413 1699 459 1757 his
480 1699 569 1757 rebus
592 1699 809 1758 conscribendis
831 1704 909 1758 certe
930 1719 990 1759 non
1001 1699 1144 1758 adhibuit.
1178 1700 1260 1770 Quae

193 1797 347 1872 Appianas
379 1797 512 1872 proxima
544 1797 665 1868 addidit,
695 1797 910 1873 expeditionem
939 1797 1095 1856 aBoccho
1117 1797 1259 1856 adversus

193 1895 356 1971 Aethiopas
378 1895 506 1965 missam,
529 1896 648 1953 nomina
669 1896 839 1970 Magdalsae
862 1899 891 1953 et
913 1895 1050 1965 Cornelii,
1073 1915 1107 1953 ea
1124 1896 1259 1970 profecto

193 2013 251 2051 non
273 2013 287 2051 e
310 1993 408 2051 Sullae
429 1993 511 2052 libris
533 1997 737 2062 manaverunt,
760 1993 811 2052 sed
832 1993 1030 2051 narrationem
1052 1993 1159 2062 Sullae,
1183 2012 1259 2070 quae

194 2094 239 2148 est
260 2090 339 2166 apud
361 2090 545 2159 Sallustium,
567 2091 731 2149 rectissime
753 2091 902 2166 supplent.
935 2090 1021 2149 Unde
1039 2092 1089 2149 illa
1107 2109 1162 2148 sua
1180 2110 1258 2148 sum·

194 2188 265 2246 serit
296 2188 458 2263 ignoratur,
491 2188 542 2246 scd
571 2207 661 2263 supra
689 2189 748 2246 iam
770 2189 939 2247 coniectura
961 2189 1134 2264 collegimus
1157 2208 1258 2246 earum

193 2313 290 2352 rerum
320 2293 411 2352 Iubae
439 2282 591 2367 ‘slepand'
617 2293 730 2351 fontem
757 2294 847 2352 fuisse
869 2293 902 2366 2).
926 2293 1093 2364 Sallustius
1115 2294 1167 2369 qui
1190 2293 1259 2351 alibi

193 2393 356 2467 permultas
388 2410 433 2449 res
465 2395 564 2466 gestas
596 2391 769 2450 brevissime
798 2396 828 2450 et
856 2393 1026 2449 summatim
1048 2392 1184 2466 explicat,
1208 2392 1259 2467 qui

194 2491 292 2565 ampla
312 2490 454 2564 temporis
477 2489 572 2565 spatia
593 2489 778 2564 paucissimis
801 2490 936 2560 absolvit,
960 2490 995 2548 de
1016 2491 1071 2548 hac
1092 2495 1177 2566 parte
1189 2489 1259 2547 belli

194 2589 289 2646 multo
311 2588 419 2646 maiore
441 2587 610 2663 prolixitate
632 2606 722 2662 quam
744 2587 779 2644 de
799 2588 862 2645 aliis
879 2588 948 2662 egit.
981 2588 1048 2658 Res,
1068 2608 1144 2664 quae
1162 2588 1258 2663 prima

195 2685 231 2743 ab
263 2705 297 2743 eo
329 2685 511 2760 pragmatice
533 2688 678 2754 narratur,
701 2687 746 2743 est
768 2683 879 2760 Capsae
901 2687 1090 2761 expugnatio,
1113 2690 1257 2745 autumno

195 2783 263 2840 anni
286 2784 350 2840 107ἰ
372 2783 450 2839 facta
471 2782 504 2855 3),
531 2783 578 2839 cui
600 2801 694 2856 neque
716 2782 847 2840 Rutilius
869 2783 954 2841 testis
977 2783 1086 2854 aderat,
1109 2803 1177 2841 cum
1199 2784 1255 2840 iam

193 2901 227 2940 ex
248 2881 349 2939 Africa
369 2880 520 2955 profectus
542 2884 628 2956 esset,
652 2896 747 2953 neque
770 2881 861 2957 Sulla,
885 2901 951 2940 cum
973 2881 1105 2940 nondum
1127 2881 1258 2940 eoadve·

192 2980 292 3038 nisset.
332 2978 500 3049 ProlixitaS,
527 2994 586 3052 qua
607 2978 766 3036 Sallustius
788 2979 818 3035 in
839 2999 873 3037 ea
894 2999 924 3037 re
946 2979 1090 3037 narranda
1110 2999 1183 3038 usus
1206 2983 1259 3049 est,

193 3079 370 3137 documento
402 3081 455 3148 est,
489 3096 556 3136 eum
585 3079 703 3151 praeter
724 3077 832 3135 Rutilii
854 3081 883 3135 et
905 3077 1003 3136 Sullae
1026 3077 1259 3137 Commentarios

193 3177 228 3234 ab
258 3179 378 3234 auctore
406 3174 535 3250 quodam
557 3175 699 3233 nonnulla
721 3175 889 3246 deduxisse,
913 3177 964 3250 qui
984 3176 1070 3234 Marii
1091 3196 1138 3235 res
1160 3179 1259 3252 gestas

187 3277 369 3350 ,persecutus
391 3277 445 3331 est.

233 3371 387 3430 Eiusmodi
408 3372 536 3430 auctoris
556 3390 646 3446 supra
664 3387 782 3445 quoquo
801 3371 880 3446 apud
900 3371 1072 3447 Appianum
1090 3374 1113 3447 4)
1133 3373 1260 3448 vestigia

194 3469 339 3543 quaedam
359 3469 524 3528 invenimus
547 3473 577 3527 et
597 3468 755 3528 verisimile
778 3471 823 3526 est
844 3471 1041 3528 narrationem
1063 3470 1148 3541 Livii,
1173 3470 1259 3529 nobis

195 3567 314 3641 quidem
336 3568 478 3642 ignotam,
502 3567 552 3626 sed
574 3587 588 3625 e
612 3583 670 3640 qua
692 3566 919 3641 descriptionem
937 3567 1017 3626 illius
1034 3586 1161 3643 pugnae,
1184 3584 1260 3642 quae

196 3684 270 3723 anno
304 3665 375 3723 1060
405 3665 490 3728 facta
505 3669 558 3736 est,
581 3665 661 3740 apud
683 3665 821 3723 Orosium
843 3670 996 3724 exstanten
1017 3682 1150 3724 manasse
1171 3671 1261 3742 puta-

194 3763 291 3822 vimus
314 3763 348 3837 5),
376 3782 430 3838 pro
456 3782 564 3838 magna
584 3765 668 3838 parte
691 3783 726 3821 ex
747 3763 851 3822 eodem
873 3764 1030 3823 deductam
1052 3783 1115 3824 esse
1137 3764 1170 3838 6).
1213 3765 1261 3824 Ab

197 3951 399 3960 -.-.—--—

233 4054 250 4117 ¹l
268 4063 349 4121 Supra
365 4076 389 4121 p.
409 4064 438 4109 37
458 4099 463 4109 .
485 4089 514 4097 -
535 4055 552 4119 a)
570 4065 651 4123 Supra
667 4077 691 4123 p.
710 4065 742 4109 45
760 4065 786 4111 et
804 4066 889 4112 annot.
898 4065 971 4125 prim.
990 4065 1261 4113 DeIubacfr.M1'iller

196 4150 295 4206 Fragm.
322 4148 388 4194 Hist.
407 4148 494 4195 Graec.
518 4150 558 4196 III
581 4163 605 4209 p.
622 4150 762 4195 eea-484.
791 4174 821 4182 --
850 4141 869 4204 ⁸)
887 4150 946 4196 Sall.
965 4151 1005 4206 89,
1024 4151 1114 4206 4-92,
1134 4152 1163 4207 1;
1182 4164 1260 4210 supra

196 4247 220 4292 p.
240 4235 279 4280 55.
299 4258 329 4266 -
349 4225 368 4288 ⁴]
386 4234 444 4280 vide
462 4247 517 4293 pag.
536 4235 701 4294 superiorem.
721 4259 752 4266 —
772 4225 790 4288 ⁶)
809 4235 889 4294 Supra
905 4249 930 4294 p.
949 4237 988 4282 69.
1009 4260 1038 4267 -
1059 4226 1077 4289 ⁰]
1095 4235 1201 4291 Neritia,
1213 4249 1259 4295 pro

197 4318 328 4369 conditore
354 4319 449 4382 Capuae
471 4320 606 4370 Herculem
623 4320 769 4370 Africanum
787 4320 902 4371 habitum
920 4320 1009 4381 fuisse,
1026 4334 1078 4367 non
1096 4321 1163 4384 apud
1180 4321 1260 4371 Sallu·
