<?xml version="1.0" encoding="UTF-8"?>
<!DOCTYPE html PUBLIC "-//W3C//DTD XHTML 1.0 Transitional//EN"
    "http://www.w3.org/TR/xhtml1/DTD/xhtml1-transitional.dtd">
<html xmlns="http://www.w3.org/1999/xhtml" xml:lang="en" lang="en">
 <head>
  <title>
</title>
<meta http-equiv="Content-Type" content="text/html;charset=utf-8" />
  <meta name='ocr-system' content='tesseract 3.04.00' />
  <meta name='ocr-capabilities' content='ocr_page ocr_carea ocr_par ocr_line ocrx_word'/>
</head>
<body>
  <div class='ocr_page' id='page_1' title='image "./quaestionessull00hoekgoog_0027.png"; bbox 0 0 2916 5062; ppageno 0'>
   <div class='ocr_carea' id='block_1_1' title="bbox 809 462 846 524">
    <p class='ocr_par' dir='ltr' id='par_1_1' title="bbox 809 462 846 524">
     <span class='ocr_line' id='line_1_1' title="bbox 809 462 846 524; baseline 0.054 -2"><span class='ocrx_word' id='word_1_1' title='bbox 809 462 846 524; x_wconf 89' lang='grc'>16</span> 
     </span>
    </p>
   </div>
   <div class='ocr_carea' id='block_1_2' title="bbox 295 621 1367 1130">
    <p class='ocr_par' dir='ltr' id='par_1_2' title="bbox 295 621 1367 1130">
     <span class='ocr_line' id='line_1_2' title="bbox 295 621 1367 709; baseline 0.002 -23"><span class='ocrx_word' id='word_1_2' title='bbox 295 624 484 703; x_wconf 78' lang='lat' dir='ltr'>Plutarchus,</span> <span class='ocrx_word' id='word_1_3' title='bbox 509 625 583 704; x_wconf 75' lang='lat' dir='ltr'>,uui</span> <span class='ocrx_word' id='word_1_4' title='bbox 601 621 765 695; x_wconf 79' lang='grc' dir='ltr'><em>συναύξων</em></span> <span class='ocrx_word' id='word_1_5' title='bbox 779 625 832 684; x_wconf 79' lang='grc' dir='ltr'>καὶ</span> <span class='ocrx_word' id='word_1_6' title='bbox 847 623 1100 698; x_wconf 71' lang='grc' dir='ltr'>συνεπιθειάζων</span> <span class='ocrx_word' id='word_1_7' title='bbox 1115 627 1153 687; x_wconf 80' lang='grc' dir='ltr'>τὰ</span> <span class='ocrx_word' id='word_1_8' title='bbox 1166 630 1367 709; x_wconf 79' lang='grc' dir='ltr'><em>πραττόμενα</em></span> 
     </span>
     <span class='ocr_line' id='line_1_3' title="bbox 300 728 1367 816; baseline 0.007 -28"><span class='ocrx_word' id='word_1_9' title='bbox 300 732 374 807; x_wconf 60' lang='grc' dir='ltr'>,τῆς</span> <span class='ocrx_word' id='word_1_10' title='bbox 399 737 493 813; x_wconf 81' lang='grc' dir='ltr'><strong><em>τύχης</em></strong></span> <span class='ocrx_word' id='word_1_11' title='bbox 518 728 662 810; x_wconf 76' lang='grc' dir='ltr'>ἐξῆπτεν,</span> <span class='ocrx_word' id='word_1_12' title='bbox 688 738 748 791; x_wconf 82' lang='grc' dir='ltr'><em>εἴτε</em></span> <span class='ocrx_word' id='word_1_13' title='bbox 773 733 881 810; x_wconf 83' lang='grc' dir='ltr'>κόμπῳ</span> <span class='ocrx_word' id='word_1_14' title='bbox 906 733 1062 813; x_wconf 82' lang='grc' dir='ltr'><em>χρώμενος</em></span> <span class='ocrx_word' id='word_1_15' title='bbox 1085 730 1148 793; x_wconf 78' lang='grc' dir='ltr'>εἴθ’</span> <span class='ocrx_word' id='word_1_16' title='bbox 1169 734 1265 803; x_wconf 69' lang='grc' dir='ltr'><em>οὕτως</em></span> <span class='ocrx_word' id='word_1_17' title='bbox 1285 731 1367 816; x_wconf 79' lang='grc' dir='ltr'><em>ἒχων</em></span> 
     </span>
     <span class='ocr_line' id='line_1_4' title="bbox 301 831 1366 919; baseline 0.006 -27"><span class='ocrx_word' id='word_1_18' title='bbox 301 839 360 915; x_wconf 74' lang='grc' dir='ltr'>,τῇ</span> <span class='ocrx_word' id='word_1_19' title='bbox 394 831 469 919; x_wconf 83' lang='grc' dir='ltr'><em>δόξη</em></span> <span class='ocrx_word' id='word_1_20' title='bbox 504 837 580 918; x_wconf 75' lang='grc' dir='ltr'><em>πρὸς</em></span> <span class='ocrx_word' id='word_1_21' title='bbox 614 837 649 896; x_wconf 86' lang='grc' dir='ltr'>τό</span> <span class='ocrx_word' id='word_1_22' title='bbox 684 839 787 897; x_wconf 78' lang='grc' dir='ltr'><em>δεῖον.</em></span> <span class='ocrx_word' id='word_1_23' title='bbox 824 836 877 895; x_wconf 87' lang='grc' dir='ltr'>καὶ</span> <span class='ocrx_word' id='word_1_24' title='bbox 913 839 972 917; x_wconf 72' lang='grc' dir='ltr'>γὰρ</span> <span class='ocrx_word' id='word_1_25' title='bbox 1008 838 1041 898; x_wconf 77' lang='grc' dir='ltr'>ἐν</span> <span class='ocrx_word' id='word_1_26' title='bbox 1073 843 1138 909; x_wconf 83' lang='grc' dir='ltr'><em>τοῖς</em></span> <span class='ocrx_word' id='word_1_27' title='bbox 1166 840 1366 917; x_wconf 80' lang='grc' dir='ltr'><em>ὑπομνήμασι</em></span> 
     </span>
     <span class='ocr_line' id='line_1_5' title="bbox 301 936 1367 1024; baseline 0.008 -25"><span class='ocrx_word' id='word_1_28' title='bbox 301 936 490 1021; x_wconf 48' lang='grc' dir='ltr'><em>,γέγραφεν</em></span> <span class='ocrx_word' id='word_1_29' title='bbox 522 944 571 1004; x_wconf 84' lang='grc' dir='ltr'>ὅτι</span> <span class='ocrx_word' id='word_1_30' title='bbox 605 945 668 1003; x_wconf 87' lang='grc' dir='ltr'>τών</span> <span class='ocrx_word' id='word_1_31' title='bbox 693 936 797 1010; x_wconf 81' lang='grc' dir='ltr'><em>καλῶς</em></span> <span class='ocrx_word' id='word_1_32' title='bbox 822 940 908 1022; x_wconf 76' lang='grc' dir='ltr'><em>οέυτώ</em></span> <span class='ocrx_word' id='word_1_33' title='bbox 931 939 1162 1024; x_wconf 66' lang='grc' dir='ltr'>βεβουλεῦσθαι</span> <span class='ocrx_word' id='word_1_34' title='bbox 1188 942 1367 1007; x_wconf 70' lang='grc' dir='ltr'><em>δοκούντων</em></span> 
     </span>
     <span class='ocr_line' id='line_1_6' title="bbox 301 1042 1364 1130; baseline 0.007 -27"><span class='ocrx_word' id='word_1_35' title='bbox 301 1045 355 1123; x_wconf 78' lang='lat' dir='ltr'>„ui</span> <span class='ocrx_word' id='word_1_36' title='bbox 386 1049 426 1124; x_wconf 83' lang='grc' dir='ltr'>μὴ</span> <span class='ocrx_word' id='word_1_37' title='bbox 461 1049 543 1108; x_wconf 84' lang='grc' dir='ltr'><em>κατὰ</em></span> <span class='ocrx_word' id='word_1_38' title='bbox 571 1051 714 1126; x_wconf 72' lang='grc' dir='ltr'><em>γνώμην,</em></span> <span class='ocrx_word' id='word_1_39' title='bbox 746 1042 827 1106; x_wconf 70' lang='lat' dir='ltr'>uitta</span> <span class='ocrx_word' id='word_1_40' title='bbox 852 1048 927 1126; x_wconf 79' lang='grc' dir='ltr'><em>πρὸς</em></span> <span class='ocrx_word' id='word_1_41' title='bbox 958 1051 1070 1130; x_wconf 76' lang='grc' dir='ltr'><em>καιρόν</em></span> <span class='ocrx_word' id='word_1_42' title='bbox 1099 1047 1364 1129; x_wconf 65' lang='grc' dir='ltr'><em>ἀποτολμώμεναι</em></span> 
     </span>
    </p>
   </div>
   <div class='ocr_carea' id='block_1_3' title="bbox 300 1143 1367 1239">
    <p class='ocr_par' dir='ltr' id='par_1_3' title="bbox 300 1143 1367 1239">
     <span class='ocr_line' id='line_1_7' title="bbox 300 1143 1367 1239; baseline 0.007 -28"><span class='ocrx_word' id='word_1_43' title='bbox 300 1149 448 1232; x_wconf 64' lang='grc' dir='ltr'><em>,πράξεις</em></span> <span class='ocrx_word' id='word_1_44' title='bbox 472 1153 608 1216; x_wconf 74' lang='grc' dir='ltr'><em>ἔπιπτον</em></span> <span class='ocrx_word' id='word_1_45' title='bbox 633 1153 708 1236; x_wconf 81' lang='grc' dir='ltr'><em>πρὸς</em></span> <span class='ocrx_word' id='word_1_46' title='bbox 731 1155 875 1231; x_wconf 84' lang='grc' dir='ltr'><em>ἄμεινον.</em></span> <span class='ocrx_word' id='word_1_47' title='bbox 911 1153 956 1215; x_wconf 74' lang='grc' dir='ltr'>ἔτι</span> <span class='ocrx_word' id='word_1_48' title='bbox 987 1152 1019 1218; x_wconf 80' lang='grc' dir='ltr'>δὲ</span> <span class='ocrx_word' id='word_1_49' title='bbox 1045 1157 1097 1217; x_wconf 82' lang='grc' dir='ltr'>καὶ</span> <span class='ocrx_word' id='word_1_50' title='bbox 1122 1143 1167 1219; x_wconf 81' lang='grc' dir='ltr'>ὧν</span> <span class='ocrx_word' id='word_1_51' title='bbox 1192 1178 1265 1238; x_wconf 78' lang='grc' dir='ltr'><em>φησι</em></span> <span class='ocrx_word' id='word_1_52' title='bbox 1291 1159 1367 1239; x_wconf 80' lang='grc' dir='ltr'><em>πηὸς</em></span> 
     </span>
    </p>
   </div>
   <div class='ocr_carea' id='block_1_4' title="bbox 275 1250 1368 3447">
    <p class='ocr_par' dir='ltr' id='par_1_4' title="bbox 293 1250 1368 2853">
     <span class='ocr_line' id='line_1_8' title="bbox 300 1250 1368 1347; baseline 0.007 -31"><span class='ocrx_word' id='word_1_53' title='bbox 300 1265 417 1340; x_wconf 62' lang='grc' dir='ltr'><em>,τύχην</em></span> <span class='ocrx_word' id='word_1_54' title='bbox 447 1250 482 1319; x_wconf 74' lang='grc' dir='ltr'>εὖ</span> <span class='ocrx_word' id='word_1_55' title='bbox 502 1258 678 1341; x_wconf 76' lang='grc' dir='ltr'><em>πεφυκέναι</em></span> <span class='ocrx_word' id='word_1_56' title='bbox 704 1254 826 1337; x_wconf 79' lang='grc' dir='ltr'><em>μαλλον</em></span> <span class='ocrx_word' id='word_1_57' title='bbox 849 1268 867 1335; x_wconf 84' lang='grc' dir='ltr'><em>ἢ</em></span> <span class='ocrx_word' id='word_1_58' title='bbox 892 1261 967 1342; x_wconf 80' lang='grc' dir='ltr'><em>πρὸς</em></span> <span class='ocrx_word' id='word_1_59' title='bbox 991 1257 1128 1336; x_wconf 89' lang='grc' dir='ltr'><em>πόλεμον</em></span> <span class='ocrx_word' id='word_1_60' title='bbox 1153 1269 1191 1347; x_wconf 80' lang='grc' dir='ltr'>τῇ</span> <span class='ocrx_word' id='word_1_61' title='bbox 1214 1272 1289 1347; x_wconf 86' lang='grc' dir='ltr'><em>τύχη</em></span> <span class='ocrx_word' id='word_1_62' title='bbox 1313 1270 1368 1343; x_wconf 78' lang='grc' dir='ltr'>της</span> 
     </span>
     <span class='ocr_line' id='line_1_9' title="bbox 299 1361 1367 1448; baseline 0.006 -25"><span class='ocrx_word' id='word_1_63' title='bbox 299 1361 429 1446; x_wconf 58' lang='grc' dir='ltr'>,αἱρετῆς</span> <span class='ocrx_word' id='word_1_64' title='bbox 460 1361 558 1428; x_wconf 79' lang='grc' dir='ltr'><em>πλέον</em></span> <span class='ocrx_word' id='word_1_65' title='bbox 583 1366 665 1427; x_wconf 75' lang='grc' dir='ltr'><em>ἐόικε</em></span> <span class='ocrx_word' id='word_1_66' title='bbox 690 1362 796 1443; x_wconf 78' lang='grc' dir='ltr'><em>νέμειν</em></span> <span class='ocrx_word' id='word_1_67' title='bbox 821 1366 873 1429; x_wconf 84' lang='grc' dir='ltr'>καὶ</span> <span class='ocrx_word' id='word_1_68' title='bbox 898 1361 976 1437; x_wconf 79' lang='grc' dir='ltr'><em>ὅλως</em></span> <span class='ocrx_word' id='word_1_69' title='bbox 1000 1369 1115 1430; x_wconf 78' lang='grc' dir='ltr'><em>ἑαυτὸν</em></span> <span class='ocrx_word' id='word_1_70' title='bbox 1140 1373 1194 1430; x_wconf 81' lang='grc' dir='ltr'>τοῦ</span> <span class='ocrx_word' id='word_1_71' title='bbox 1219 1365 1367 1448; x_wconf 75' lang='grc' dir='ltr'>δαίμονο,Ί</span> 
     </span>
     <span class='ocr_line' id='line_1_10' title="bbox 300 1468 1365 1554; baseline 0.007 -23"><span class='ocrx_word' id='word_1_72' title='bbox 300 1468 457 1549; x_wconf 68' lang='lat' dir='ltr'>„nursia”</span> <span class='ocrx_word' id='word_1_73' title='bbox 500 1477 574 1536; x_wconf 88' lang='lat' dir='ltr'>Post</span> <span class='ocrx_word' id='word_1_74' title='bbox 604 1477 751 1553; x_wconf 87' lang='lat' dir='ltr'>proelium</span> <span class='ocrx_word' id='word_1_75' title='bbox 784 1474 821 1532; x_wconf 90' lang='lat' dir='ltr'>ad</span> <span class='ocrx_word' id='word_1_76' title='bbox 853 1475 1052 1537; x_wconf 79' lang='lat' dir='ltr'>Chaeroneam</span> <span class='ocrx_word' id='word_1_77' title='bbox 1084 1480 1197 1538; x_wconf 84' lang='lat' dir='ltr'>fantum</span> <span class='ocrx_word' id='word_1_78' title='bbox 1230 1481 1267 1554; x_wconf 89' lang='lat' dir='ltr'>(a.</span> <span class='ocrx_word' id='word_1_79' title='bbox 1300 1479 1365 1551; x_wconf 82' lang='lat'>860)</span> 
     </span>
     <span class='ocr_line' id='line_1_11' title="bbox 296 1570 1368 1658; baseline -0.004 -17"><span class='ocrx_word' id='word_1_80' title='bbox 296 1582 378 1641; x_wconf 83' lang='lat' dir='ltr'>Sulla</span> <span class='ocrx_word' id='word_1_81' title='bbox 409 1581 539 1656; x_wconf 84' lang='lat' dir='ltr'>tropaeis</span> <span class='ocrx_word' id='word_1_82' title='bbox 571 1580 722 1655; x_wconf 86' lang='lat' dir='ltr'>inscripsit</span> <span class='ocrx_word' id='word_1_83' title='bbox 759 1570 895 1656; x_wconf 73' lang='lat' dir='ltr'>,‘’&#39;App</span> <span class='ocrx_word' id='word_1_84' title='bbox 931 1576 983 1636; x_wconf 82' lang='grc' dir='ltr'>καὶ</span> <span class='ocrx_word' id='word_1_85' title='bbox 1018 1575 1130 1657; x_wconf 85' lang='grc' dir='ltr'><em>Νίκην</em></span> <span class='ocrx_word' id='word_1_86' title='bbox 1161 1577 1214 1638; x_wconf 81' lang='grc' dir='ltr'>καὶ</span> <span class='ocrx_word' id='word_1_87' title='bbox 1238 1575 1368 1658; x_wconf 71' lang='lat' dir='ltr'>&#39;Appo-</span> 
     </span>
     <span class='ocr_line' id='line_1_12' title="bbox 299 1667 1366 1765; baseline 0.002 -25"><span class='ocrx_word' id='word_1_88' title='bbox 299 1675 420 1764; x_wconf 48' lang='grc' dir='ltr'><em>ῃδίτην</em></span> <span class='ocrx_word' id='word_1_89' title='bbox 434 1680 458 1754; x_wconf 80' lang='grc'>1)</span> <span class='ocrx_word' id='word_1_90' title='bbox 490 1679 531 1747; x_wconf 80' lang='grc' dir='ltr'>ώς</span> <span class='ocrx_word' id='word_1_91' title='bbox 561 1677 617 1760; x_wconf 75' lang='grc' dir='ltr'>οὐχ</span> <span class='ocrx_word' id='word_1_92' title='bbox 648 1667 743 1756; x_wconf 78' lang='grc' dir='ltr'><em>ἦττον</em></span> <span class='ocrx_word' id='word_1_93' title='bbox 775 1679 904 1764; x_wconf 74' lang='grc' dir='ltr'><em>εὐτυχίη</em></span> <span class='ocrx_word' id='word_1_94' title='bbox 934 1686 1142 1763; x_wconf 76' lang='grc' dir='ltr'><em>κατορθώσας</em></span> <span class='ocrx_word' id='word_1_95' title='bbox 1165 1686 1182 1763; x_wconf 78' lang='grc' dir='ltr'><em>η</em></span> <span class='ocrx_word' id='word_1_96' title='bbox 1208 1681 1366 1765; x_wconf 71' lang='grc' dir='ltr'><em>δεινότητι</em></span> 
     </span>
     <span class='ocr_line' id='line_1_13' title="bbox 299 1779 1366 1866; baseline 0.004 -19"><span class='ocrx_word' id='word_1_97' title='bbox 299 1787 372 1866; x_wconf 54' lang='grc' dir='ltr'><em>,καὶ</em></span> <span class='ocrx_word' id='word_1_98' title='bbox 397 1783 529 1864; x_wconf 78' lang='grc' dir='ltr'><em>δυνάμει</em></span> <span class='ocrx_word' id='word_1_99' title='bbox 555 1786 609 1845; x_wconf 88' lang='grc' dir='ltr'>τὸν</span> <span class='ocrx_word' id='word_1_100' title='bbox 634 1779 790 1863; x_wconf 84' lang='grc' dir='ltr'><em>πόλεμον”</em></span> <span class='ocrx_word' id='word_1_101' title='bbox 814 1793 846 1866; x_wconf 79' lang='grc'>2).</span> <span class='ocrx_word' id='word_1_102' title='bbox 888 1792 996 1865; x_wconf 83' lang='lat' dir='ltr'>Etiam,</span> <span class='ocrx_word' id='word_1_103' title='bbox 1024 1795 1177 1855; x_wconf 85' lang='lat' dir='ltr'>eumad</span> <span class='ocrx_word' id='word_1_104' title='bbox 1201 1794 1244 1852; x_wconf 93' lang='lat' dir='ltr'>IV</span> <span class='ocrx_word' id='word_1_105' title='bbox 1267 1798 1297 1853; x_wconf 88' lang='lat' dir='ltr'>et</span> <span class='ocrx_word' id='word_1_106' title='bbox 1317 1794 1366 1852; x_wconf 90' lang='grc' dir='ltr'>ΠΙ</span> 
     </span>
     <span class='ocr_line' id='line_1_14' title="bbox 296 1889 1366 1969; baseline -0.002 -17"><span class='ocrx_word' id='word_1_107' title='bbox 296 1893 362 1952; x_wconf 82' lang='grc' dir='ltr'><em>Κεύ.</em></span> <span class='ocrx_word' id='word_1_108' title='bbox 394 1891 480 1950; x_wconf 84' lang='lat' dir='ltr'><strong>Febr.</strong></span> <span class='ocrx_word' id='word_1_109' title='bbox 512 1889 581 1949; x_wconf 91' lang='lat' dir='ltr'>anni</span> <span class='ocrx_word' id='word_1_110' title='bbox 611 1890 659 1948; x_wconf 80' lang='grc' dir='ltr'>82ἰ</span> <span class='ocrx_word' id='word_1_111' title='bbox 681 1889 716 1949; x_wconf 92' lang='lat' dir='ltr'>de</span> <span class='ocrx_word' id='word_1_112' title='bbox 737 1910 807 1967; x_wconf 82' lang='lat' dir='ltr'>rege</span> <span class='ocrx_word' id='word_1_113' title='bbox 828 1890 1000 1950; x_wconf 73' lang='lat' dir='ltr'>Mithridate</span> <span class='ocrx_word' id='word_1_114' title='bbox 1021 1893 1267 1969; x_wconf 85' lang='lat' dir='ltr'>triumphavisset</span> <span class='ocrx_word' id='word_1_115' title='bbox 1288 1892 1312 1961; x_wconf 81' lang='grc'>3)</span> <span class='ocrx_word' id='word_1_116' title='bbox 1335 1895 1366 1950; x_wconf 88' lang='lat' dir='ltr'>et</span> 
     </span>
     <span class='ocr_line' id='line_1_15' title="bbox 296 1988 1361 2064; baseline -0.002 -14"><span class='ocrx_word' id='word_1_117' title='bbox 296 1993 327 2050; x_wconf 92' lang='lat' dir='ltr'>in</span> <span class='ocrx_word' id='word_1_118' title='bbox 359 1991 495 2050; x_wconf 89' lang='lat' dir='ltr'>contione</span> <span class='ocrx_word' id='word_1_119' title='bbox 523 1988 669 2048; x_wconf 90' lang='lat' dir='ltr'>derebus</span> <span class='ocrx_word' id='word_1_120' title='bbox 691 2009 708 2047; x_wconf 86' lang='grc' dir='ltr'><em>ο</em></span> <span class='ocrx_word' id='word_1_121' title='bbox 730 2009 760 2048; x_wconf 89' lang='lat' dir='ltr'>se</span> <span class='ocrx_word' id='word_1_122' title='bbox 781 1988 874 2064; x_wconf 86' lang='lat' dir='ltr'>gestis</span> <span class='ocrx_word' id='word_1_123' title='bbox 895 1989 1040 2048; x_wconf 89' lang='lat' dir='ltr'>rationem</span> <span class='ocrx_word' id='word_1_124' title='bbox 1061 1990 1245 2061; x_wconf 79' lang='lat' dir='ltr'>reddidisset,</span> <span class='ocrx_word' id='word_1_125' title='bbox 1267 1990 1361 2049; x_wconf 91' lang='lat' dir='ltr'>bonos</span> 
     </span>
     <span class='ocr_line' id='line_1_16' title="bbox 295 2087 1361 2163; baseline -0.003 -14"><span class='ocrx_word' id='word_1_126' title='bbox 295 2090 391 2149; x_wconf 87' lang='lat' dir='ltr'>exitus</span> <span class='ocrx_word' id='word_1_127' title='bbox 412 2108 472 2148; x_wconf 96' lang='lat' dir='ltr'>non</span> <span class='ocrx_word' id='word_1_128' title='bbox 493 2087 590 2146; x_wconf 87' lang='lat' dir='ltr'>minus</span> <span class='ocrx_word' id='word_1_129' title='bbox 611 2088 762 2146; x_wconf 85' lang='lat' dir='ltr'>Fortunae</span> <span class='ocrx_word' id='word_1_130' title='bbox 784 2107 874 2163; x_wconf 88' lang='lat' dir='ltr'>quarn</span> <span class='ocrx_word' id='word_1_131' title='bbox 896 2107 966 2146; x_wconf 87' lang='lat' dir='ltr'>suae</span> <span class='ocrx_word' id='word_1_132' title='bbox 987 2087 1094 2147; x_wconf 82' lang='lat' dir='ltr'>virtuti</span> <span class='ocrx_word' id='word_1_133' title='bbox 1115 2088 1221 2147; x_wconf 89' lang='lat' dir='ltr'>tribuit</span> <span class='ocrx_word' id='word_1_134' title='bbox 1238 2091 1268 2146; x_wconf 91' lang='lat' dir='ltr'>et</span> <span class='ocrx_word' id='word_1_135' title='bbox 1285 2089 1361 2146; x_wconf 89' lang='lat' dir='ltr'>hano</span> 
     </span>
     <span class='ocr_line' id='line_1_17' title="bbox 295 2177 1361 2262; baseline -0.005 -14"><span class='ocrx_word' id='word_1_136' title='bbox 295 2188 333 2248; x_wconf 91' lang='lat' dir='ltr'>ob</span> <span class='ocrx_word' id='word_1_137' title='bbox 356 2206 475 2246; x_wconf 86' lang='lat' dir='ltr'>oausam</span> <span class='ocrx_word' id='word_1_138' title='bbox 496 2187 595 2262; x_wconf 90' lang='lat' dir='ltr'>palam</span> <span class='ocrx_word' id='word_1_139' title='bbox 615 2205 723 2244; x_wconf 91' lang='lat' dir='ltr'>nomen</span> <span class='ocrx_word' id='word_1_140' title='bbox 743 2177 893 2245; x_wconf 72' lang='lat' dir='ltr'>‘Felicem&#39;</span> <span class='ocrx_word' id='word_1_141' title='bbox 916 2186 1039 2261; x_wconf 87' lang='lat' dir='ltr'>accepit,</span> <span class='ocrx_word' id='word_1_142' title='bbox 1062 2205 1129 2244; x_wconf 91' lang='lat' dir='ltr'>oum</span> <span class='ocrx_word' id='word_1_143' title='bbox 1150 2186 1208 2244; x_wconf 84' lang='lat' dir='ltr'>ianr</span> <span class='ocrx_word' id='word_1_144' title='bbox 1227 2190 1313 2245; x_wconf 87' lang='lat' dir='ltr'>antea</span> <span class='ocrx_word' id='word_1_145' title='bbox 1331 2187 1361 2244; x_wconf 91' lang='lat' dir='ltr'>in</span> 
     </span>
     <span class='ocr_line' id='line_1_18' title="bbox 294 2283 1361 2360; baseline -0.001 -16"><span class='ocrx_word' id='word_1_146' title='bbox 294 2286 401 2346; x_wconf 86' lang='lat' dir='ltr'>litteris</span> <span class='ocrx_word' id='word_1_147' title='bbox 434 2283 561 2355; x_wconf 79' lang='lat' dir='ltr'>Graecia,</span> <span class='ocrx_word' id='word_1_148' title='bbox 595 2303 668 2359; x_wconf 87' lang='lat' dir='ltr'>quas</span> <span class='ocrx_word' id='word_1_149' title='bbox 701 2284 736 2342; x_wconf 93' lang='lat' dir='ltr'>de</span> <span class='ocrx_word' id='word_1_150' title='bbox 763 2304 836 2360; x_wconf 89' lang='lat' dir='ltr'>pace</span> <span class='ocrx_word' id='word_1_151' title='bbox 864 2284 997 2342; x_wconf 82' lang='lat' dir='ltr'>facienda</span> <span class='ocrx_word' id='word_1_152' title='bbox 1019 2284 1056 2342; x_wconf 91' lang='lat' dir='ltr'>ad</span> <span class='ocrx_word' id='word_1_153' title='bbox 1084 2283 1361 2360; x_wconf 78' lang='lat' dir='ltr'>Graecossoripsit,</span> 
     </span>
     <span class='ocr_line' id='line_1_19' title="bbox 293 2381 1361 2460; baseline -0.001 -18"><span class='ocrx_word' id='word_1_154' title='bbox 293 2381 553 2460; x_wconf 82' lang='lat' dir='ltr'>‘Epaphroditum’</span> <span class='ocrx_word' id='word_1_155' title='bbox 585 2382 603 2438; x_wconf 93' lang='lat' dir='ltr'>i.</span> <span class='ocrx_word' id='word_1_156' title='bbox 617 2401 641 2439; x_wconf 89' lang='lat' dir='ltr'>e.</span> <span class='ocrx_word' id='word_1_157' title='bbox 670 2381 779 2441; x_wconf 89' lang='lat' dir='ltr'>Veneri</span> <span class='ocrx_word' id='word_1_158' title='bbox 810 2381 983 2456; x_wconf 82' lang='lat' dir='ltr'>(Fortunae)</span> <span class='ocrx_word' id='word_1_159' title='bbox 1015 2385 1175 2442; x_wconf 83' lang='lat' dir='ltr'>venustum</span> <span class='ocrx_word' id='word_1_160' title='bbox 1203 2402 1233 2441; x_wconf 82' lang='lat' dir='ltr'>se</span> <span class='ocrx_word' id='word_1_161' title='bbox 1262 2384 1361 2459; x_wconf 88' lang='lat' dir='ltr'>appel·</span> 
     </span>
     <span class='ocr_line' id='line_1_20' title="bbox 295 2475 1361 2556; baseline 0.001 -17"><span class='ocrx_word' id='word_1_162' title='bbox 295 2483 386 2541; x_wconf 88' lang='lat' dir='ltr'>lasset</span> <span class='ocrx_word' id='word_1_163' title='bbox 406 2481 440 2555; x_wconf 80' lang='grc'>4).</span> <span class='ocrx_word' id='word_1_164' title='bbox 482 2480 557 2538; x_wconf 85' lang='lat' dir='ltr'>Filio</span> <span class='ocrx_word' id='word_1_165' title='bbox 579 2499 594 2538; x_wconf 86' lang='lat' dir='ltr'>e</span> <span class='ocrx_word' id='word_1_166' title='bbox 622 2479 742 2538; x_wconf 84' lang='lat' dir='ltr'>Metella</span> <span class='ocrx_word' id='word_1_167' title='bbox 762 2482 832 2539; x_wconf 88' lang='lat' dir='ltr'>nato</span> <span class='ocrx_word' id='word_1_168' title='bbox 853 2475 998 2556; x_wconf 82' lang='lat' dir='ltr'>‘Fausto’,</span> <span class='ocrx_word' id='word_1_169' title='bbox 1020 2480 1096 2538; x_wconf 89' lang='lat' dir='ltr'>filiae</span> <span class='ocrx_word' id='word_1_170' title='bbox 1118 2482 1251 2556; x_wconf 85' lang='lat' dir='ltr'>geminae</span> <span class='ocrx_word' id='word_1_171' title='bbox 1271 2477 1361 2540; x_wconf 85' lang='lat' dir='ltr'>‘Fau-</span> 
     </span>
     <span class='ocr_line' id='line_1_21' title="bbox 296 2576 1360 2655; baseline -0.002 -16"><span class='ocrx_word' id='word_1_172' title='bbox 296 2584 368 2640; x_wconf 86' lang='lat' dir='ltr'>stae’</span> <span class='ocrx_word' id='word_1_173' title='bbox 393 2597 501 2637; x_wconf 90' lang='lat' dir='ltr'>nomen</span> <span class='ocrx_word' id='word_1_174' title='bbox 522 2577 596 2635; x_wconf 83' lang='lat' dir='ltr'>dixit</span> <span class='ocrx_word' id='word_1_175' title='bbox 615 2576 650 2651; x_wconf 72' lang='grc'>5).</span> <span class='ocrx_word' id='word_1_176' title='bbox 692 2576 769 2634; x_wconf 85' lang='lat' dir='ltr'>Eum</span> <span class='ocrx_word' id='word_1_177' title='bbox 790 2577 891 2652; x_wconf 83' lang='lat' dir='ltr'>igitur,</span> <span class='ocrx_word' id='word_1_178' title='bbox 914 2578 966 2653; x_wconf 91' lang='lat' dir='ltr'>qui</span> <span class='ocrx_word' id='word_1_179' title='bbox 986 2581 1049 2637; x_wconf 87' lang='lat' dir='ltr'>tam</span> <span class='ocrx_word' id='word_1_180' title='bbox 1070 2579 1181 2637; x_wconf 87' lang='lat' dir='ltr'>sineere</span> <span class='ocrx_word' id='word_1_181' title='bbox 1201 2598 1360 2655; x_wconf 88' lang='lat' dir='ltr'>prosperos</span> 
     </span>
     <span class='ocr_line' id='line_1_22' title="bbox 297 2675 1360 2753; baseline 0 -16"><span class='ocrx_word' id='word_1_182' title='bbox 297 2681 470 2738; x_wconf 83' lang='lat' dir='ltr'>conatorum</span> <span class='ocrx_word' id='word_1_183' title='bbox 502 2679 626 2735; x_wconf 86' lang='lat' dir='ltr'>eventus</span> <span class='ocrx_word' id='word_1_184' title='bbox 657 2675 794 2735; x_wconf 86' lang='lat' dir='ltr'>fortunae</span> <span class='ocrx_word' id='word_1_185' title='bbox 816 2677 961 2752; x_wconf 83' lang='lat' dir='ltr'>ascripsit,</span> <span class='ocrx_word' id='word_1_186' title='bbox 984 2677 1123 2736; x_wconf 85' lang='lat' dir='ltr'>vanitatis</span> <span class='ocrx_word' id='word_1_187' title='bbox 1145 2681 1197 2737; x_wconf 86' lang='lat' dir='ltr'>aut</span> <span class='ocrx_word' id='word_1_188' title='bbox 1218 2678 1360 2753; x_wconf 82' lang='lat' dir='ltr'>magnilo-</span> 
     </span>
     <span class='ocr_line' id='line_1_23' title="bbox 296 2775 667 2853; baseline -0.005 -19"><span class='ocrx_word' id='word_1_189' title='bbox 296 2776 433 2853; x_wconf 88' lang='lat' dir='ltr'>quentiae</span> <span class='ocrx_word' id='word_1_190' title='bbox 454 2775 504 2834; x_wconf 86' lang='lat' dir='ltr'>vix</span> <span class='ocrx_word' id='word_1_191' title='bbox 525 2775 667 2848; x_wconf 86' lang='lat' dir='ltr'>argueris.</span> 
     </span>
    </p>

    <p class='ocr_par' dir='ltr' id='par_1_5' title="bbox 275 2872 1362 3447">
     <span class='ocr_line' id='line_1_24' title="bbox 275 2872 1360 2950; baseline 0.002 -20"><span class='ocrx_word' id='word_1_192' title='bbox 275 2896 277 2902; x_wconf 95' lang='lat'>·</span> <span class='ocrx_word' id='word_1_193' title='bbox 335 2873 449 2932; x_wconf 88' lang='lat' dir='ltr'>Verum</span> <span class='ocrx_word' id='word_1_194' title='bbox 469 2891 529 2930; x_wconf 91' lang='lat' dir='ltr'>una</span> <span class='ocrx_word' id='word_1_195' title='bbox 557 2872 688 2931; x_wconf 90' lang='lat' dir='ltr'>omnium</span> <span class='ocrx_word' id='word_1_196' title='bbox 714 2872 842 2931; x_wconf 86' lang='lat' dir='ltr'>maxima</span> <span class='ocrx_word' id='word_1_197' title='bbox 867 2873 925 2931; x_wconf 86' lang='lat' dir='ltr'>fuit</span> <span class='ocrx_word' id='word_1_198' title='bbox 945 2872 976 2930; x_wconf 92' lang='lat' dir='ltr'>in</span> <span class='ocrx_word' id='word_1_199' title='bbox 997 2872 1079 2931; x_wconf 84' lang='lat' dir='ltr'>Sulla</span> <span class='ocrx_word' id='word_1_200' title='bbox 1100 2874 1247 2950; x_wconf 86' lang='lat' dir='ltr'>superbia.</span> <span class='ocrx_word' id='word_1_201' title='bbox 1279 2874 1360 2946; x_wconf 84' lang='lat' dir='ltr'>Erat,</span> 
     </span>
     <span class='ocr_line' id='line_1_25' title="bbox 295 2966 1361 3056; baseline 0.001 -17"><span class='ocrx_word' id='word_1_202' title='bbox 295 2983 331 3040; x_wconf 90' lang='lat' dir='ltr'>ut</span> <span class='ocrx_word' id='word_1_203' title='bbox 362 2981 404 3038; x_wconf 87' lang='lat' dir='ltr'>ait</span> <span class='ocrx_word' id='word_1_204' title='bbox 434 2979 623 3050; x_wconf 81' lang='lat' dir='ltr'>Plutarchus,</span> <span class='ocrx_word' id='word_1_205' title='bbox 661 2978 766 3050; x_wconf 72' lang='lat' dir='ltr'>,aona</span> <span class='ocrx_word' id='word_1_206' title='bbox 789 2966 1007 3053; x_wconf 76' lang='grc' dir='ltr'><em>νεναλαυχος”</em></span> <span class='ocrx_word' id='word_1_207' title='bbox 1030 2982 1060 3038; x_wconf 86' lang='lat' dir='ltr'>et</span> <span class='ocrx_word' id='word_1_208' title='bbox 1086 2972 1304 3052; x_wconf 64' lang='lat' dir='ltr'>„torremur”</span> <span class='ocrx_word' id='word_1_209' title='bbox 1328 2983 1361 3056; x_wconf 77' lang='grc'>6).</span> 
     </span>
     <span class='ocr_line' id='line_1_26' title="bbox 295 3076 1361 3154; baseline 0.004 -20"><span class='ocrx_word' id='word_1_210' title='bbox 295 3078 419 3137; x_wconf 86' lang='lat' dir='ltr'>Vanitas</span> <span class='ocrx_word' id='word_1_211' title='bbox 441 3081 541 3136; x_wconf 86' lang='lat' dir='ltr'>autem</span> <span class='ocrx_word' id='word_1_212' title='bbox 561 3076 617 3135; x_wconf 89' lang='lat' dir='ltr'>hac</span> <span class='ocrx_word' id='word_1_213' title='bbox 638 3096 668 3135; x_wconf 86' lang='lat' dir='ltr'>re</span> <span class='ocrx_word' id='word_1_214' title='bbox 691 3096 707 3134; x_wconf 89' lang='lat' dir='ltr'>a</span> <span class='ocrx_word' id='word_1_215' title='bbox 729 3077 867 3152; x_wconf 85' lang='lat' dir='ltr'>superbia</span> <span class='ocrx_word' id='word_1_216' title='bbox 888 3076 1045 3152; x_wconf 82' lang='lat' dir='ltr'>discrepat,</span> <span class='ocrx_word' id='word_1_217' title='bbox 1068 3079 1148 3154; x_wconf 89' lang='lat' dir='ltr'>quod</span> <span class='ocrx_word' id='word_1_218' title='bbox 1166 3079 1255 3138; x_wconf 91' lang='lat' dir='ltr'>homo</span> <span class='ocrx_word' id='word_1_219' title='bbox 1267 3099 1361 3139; x_wconf 84' lang='lat' dir='ltr'>vanus</span> 
     </span>
     <span class='ocr_line' id='line_1_27' title="bbox 295 3173 1361 3252; baseline -0.001 -16"><span class='ocrx_word' id='word_1_220' title='bbox 295 3180 461 3236; x_wconf 85' lang='lat' dir='ltr'>ceterorum</span> <span class='ocrx_word' id='word_1_221' title='bbox 493 3175 662 3234; x_wconf 86' lang='lat' dir='ltr'>mortalium</span> <span class='ocrx_word' id='word_1_222' title='bbox 694 3173 804 3232; x_wconf 90' lang='lat' dir='ltr'>iudicia</span> <span class='ocrx_word' id='word_1_223' title='bbox 834 3192 1015 3250; x_wconf 84' lang='lat' dir='ltr'>magnopore</span> <span class='ocrx_word' id='word_1_224' title='bbox 1049 3178 1141 3248; x_wconf 85' lang='lat' dir='ltr'>curat,</span> <span class='ocrx_word' id='word_1_225' title='bbox 1164 3176 1309 3252; x_wconf 89' lang='lat' dir='ltr'>superbus</span> <span class='ocrx_word' id='word_1_226' title='bbox 1331 3178 1361 3235; x_wconf 92' lang='lat' dir='ltr'>id</span> 
     </span>
     <span class='ocr_line' id='line_1_28' title="bbox 295 3271 1360 3349; baseline -0.002 -15"><span class='ocrx_word' id='word_1_227' title='bbox 295 3277 422 3346; x_wconf 88' lang='lat' dir='ltr'>tantum,</span> <span class='ocrx_word' id='word_1_228' title='bbox 443 3277 478 3332; x_wconf 88' lang='lat' dir='ltr'>ut</span> <span class='ocrx_word' id='word_1_229' title='bbox 499 3273 556 3332; x_wconf 92' lang='lat' dir='ltr'>sibi</span> <span class='ocrx_word' id='word_1_230' title='bbox 575 3273 701 3348; x_wconf 83' lang='lat' dir='ltr'>placeat,</span> <span class='ocrx_word' id='word_1_231' title='bbox 723 3271 833 3330; x_wconf 87' lang='lat' dir='ltr'>studet.</span> <span class='ocrx_word' id='word_1_232' title='bbox 865 3272 904 3331; x_wconf 83' lang='lat' dir='ltr'>Et</span> <span class='ocrx_word' id='word_1_233' title='bbox 923 3291 957 3331; x_wconf 92' lang='lat' dir='ltr'>eo</span> <span class='ocrx_word' id='word_1_234' title='bbox 973 3274 1038 3349; x_wconf 91' lang='lat' dir='ltr'>ipso</span> <span class='ocrx_word' id='word_1_235' title='bbox 1051 3274 1131 3349; x_wconf 90' lang='lat' dir='ltr'>quod</span> <span class='ocrx_word' id='word_1_236' title='bbox 1142 3273 1224 3333; x_wconf 84' lang='lat' dir='ltr'>Sulla</span> <span class='ocrx_word' id='word_1_237' title='bbox 1235 3275 1360 3333; x_wconf 83' lang='lat' dir='ltr'>alioruin</span> 
     </span>
     <span class='ocr_line' id='line_1_29' title="bbox 295 3369 1362 3447; baseline 0.001 -16"><span class='ocrx_word' id='word_1_238' title='bbox 295 3373 404 3431; x_wconf 86' lang='lat' dir='ltr'>indicia</span> <span class='ocrx_word' id='word_1_239' title='bbox 434 3391 541 3447; x_wconf 89' lang='lat' dir='ltr'>parum</span> <span class='ocrx_word' id='word_1_240' title='bbox 572 3370 704 3441; x_wconf 88' lang='lat' dir='ltr'>ourabat‚</span> <span class='ocrx_word' id='word_1_241' title='bbox 726 3369 807 3446; x_wconf 93' lang='lat' dir='ltr'>quod</span> <span class='ocrx_word' id='word_1_242' title='bbox 828 3369 960 3430; x_wconf 90' lang='lat' dir='ltr'>homines</span> <span class='ocrx_word' id='word_1_243' title='bbox 982 3371 1136 3446; x_wconf 84' lang='lat' dir='ltr'>despectui</span> <span class='ocrx_word' id='word_1_244' title='bbox 1156 3371 1293 3445; x_wconf 86' lang='lat' dir='ltr'>habebat,</span> <span class='ocrx_word' id='word_1_245' title='bbox 1315 3377 1362 3433; x_wconf 90' lang='lat' dir='ltr'>tot</span> 
     </span>
    </p>
   </div>
   <div class='ocr_carea' id='block_1_5' title="bbox 295 3542 498 3552">
    <p class='ocr_par' dir='ltr' id='par_1_6' title="bbox 295 3542 498 3552">
     <span class='ocr_line' id='line_1_30' title="bbox 295 3542 498 3552; baseline -0.01 0"><span class='ocrx_word' id='word_1_246' title='bbox 295 3542 498 3552; x_wconf 76' lang='lat'>——-----</span> 
     </span>
    </p>
   </div>
   <div class='ocr_carea' id='block_1_6' title="bbox 294 3647 1362 4384">
    <p class='ocr_par' dir='ltr' id='par_1_7' title="bbox 294 3647 1362 4384">
     <span class='ocr_line' id='line_1_31' title="bbox 331 3647 1360 3716; baseline 0.003 -16"><span class='ocrx_word' id='word_1_247' title='bbox 331 3647 350 3710; x_wconf 86' lang='lat'>¹)</span> <span class='ocrx_word' id='word_1_248' title='bbox 369 3655 385 3702; x_wconf 93' lang='lat' dir='ltr'>i.</span> <span class='ocrx_word' id='word_1_249' title='bbox 404 3669 425 3702; x_wconf 94' lang='lat' dir='ltr'>e.</span> <span class='ocrx_word' id='word_1_250' title='bbox 444 3669 496 3702; x_wconf 90' lang='lat' dir='ltr'>non</span> <span class='ocrx_word' id='word_1_251' title='bbox 522 3655 661 3701; x_wconf 83' lang='lat' dir='ltr'>Romanam</span> <span class='ocrx_word' id='word_1_252' title='bbox 686 3655 810 3702; x_wconf 86' lang='lat' dir='ltr'>Venerem</span> <span class='ocrx_word' id='word_1_253' title='bbox 828 3655 859 3702; x_wconf 81' lang='lat' dir='ltr'>ab</span> <span class='ocrx_word' id='word_1_254' title='bbox 878 3653 977 3714; x_wconf 82' lang='lat' dir='ltr'>origine</span> <span class='ocrx_word' id='word_1_255' title='bbox 995 3656 1069 3702; x_wconf 85' lang='lat' dir='ltr'>deam</span> <span class='ocrx_word' id='word_1_256' title='bbox 1087 3657 1163 3714; x_wconf 80' lang='lat' dir='ltr'>veris,</span> <span class='ocrx_word' id='word_1_257' title='bbox 1181 3659 1272 3716; x_wconf 84' lang='lat' dir='ltr'>postea</span> <span class='ocrx_word' id='word_1_258' title='bbox 1289 3657 1360 3703; x_wconf 84' lang='lat' dir='ltr'>floris</span> 
     </span>
     <span class='ocr_line' id='line_1_32' title="bbox 295 3739 1362 3800; baseline 0.001 -13"><span class='ocrx_word' id='word_1_259' title='bbox 295 3744 321 3787; x_wconf 88' lang='lat' dir='ltr'>et</span> <span class='ocrx_word' id='word_1_260' title='bbox 338 3740 525 3800; x_wconf 81' lang='lat' dir='ltr'>prosperitatis,</span> <span class='ocrx_word' id='word_1_261' title='bbox 544 3739 590 3786; x_wconf 89' lang='lat' dir='ltr'>sed</span> <span class='ocrx_word' id='word_1_262' title='bbox 617 3740 747 3797; x_wconf 81' lang='lat' dir='ltr'>Graecam,</span> <span class='ocrx_word' id='word_1_263' title='bbox 774 3752 837 3799; x_wconf 88' lang='lat' dir='ltr'>qnae</span> <span class='ocrx_word' id='word_1_264' title='bbox 865 3740 912 3786; x_wconf 86' lang='lat' dir='ltr'>dea</span> <span class='ocrx_word' id='word_1_265' title='bbox 938 3741 1065 3787; x_wconf 82' lang='lat' dir='ltr'>Fortunae</span> <span class='ocrx_word' id='word_1_266' title='bbox 1087 3741 1169 3788; x_wconf 84' lang='lat' dir='ltr'>honae</span> <span class='ocrx_word' id='word_1_267' title='bbox 1186 3744 1212 3788; x_wconf 90' lang='lat' dir='ltr'>et</span> <span class='ocrx_word' id='word_1_268' title='bbox 1230 3742 1362 3788; x_wconf 84' lang='lat' dir='ltr'>felicitatis</span> 
     </span>
     <span class='ocr_line' id='line_1_33' title="bbox 295 3817 1361 3884; baseline 0 -12"><span class='ocrx_word' id='word_1_269' title='bbox 295 3828 366 3883; x_wconf 85' lang='lat' dir='ltr'>erat;</span> <span class='ocrx_word' id='word_1_270' title='bbox 385 3824 429 3872; x_wconf 79' lang='lat' dir='ltr'>cfr.</span> <span class='ocrx_word' id='word_1_271' title='bbox 452 3825 549 3870; x_wconf 89' lang='lat' dir='ltr'>Preller</span> <span class='ocrx_word' id='word_1_272' title='bbox 567 3825 668 3871; x_wconf 85' lang='lat' dir='ltr'>Grieoh.</span> <span class='ocrx_word' id='word_1_273' title='bbox 687 3824 825 3883; x_wconf 85' lang='lat' dir='ltr'>Mythol.1,</span> <span class='ocrx_word' id='word_1_274' title='bbox 842 3839 867 3884; x_wconf 91' lang='lat' dir='ltr'>p.</span> <span class='ocrx_word' id='word_1_275' title='bbox 886 3826 933 3870; x_wconf 83' lang='lat'>281</span> <span class='ocrx_word' id='word_1_276' title='bbox 951 3826 1008 3871; x_wconf 89' lang='lat' dir='ltr'>adn.</span> <span class='ocrx_word' id='word_1_277' title='bbox 1018 3828 1041 3871; x_wconf 84' lang='lat'>2.</span> <span class='ocrx_word' id='word_1_278' title='bbox 1052 3851 1083 3858; x_wconf 95' lang='lat'>—</span> <span class='ocrx_word' id='word_1_279' title='bbox 1096 3817 1190 3880; x_wconf 68' lang='grc' dir='ltr'>9)Ρ1ού.</span> <span class='ocrx_word' id='word_1_280' title='bbox 1200 3826 1270 3872; x_wconf 85' lang='lat' dir='ltr'>Sulla</span> <span class='ocrx_word' id='word_1_281' title='bbox 1280 3828 1318 3873; x_wconf 85' lang='lat'>19.</span> <span class='ocrx_word' id='word_1_282' title='bbox 1331 3852 1361 3860; x_wconf 92' lang='lat'>—</span> 
     </span>
     <span class='ocr_line' id='line_1_34' title="bbox 297 3902 1361 3971; baseline 0.001 -15"><span class='ocrx_word' id='word_1_283' title='bbox 297 3902 315 3965; x_wconf 71' lang='grc'>3)</span> <span class='ocrx_word' id='word_1_284' title='bbox 335 3911 385 3957; x_wconf 79' lang='lat' dir='ltr'>Cir.</span> <span class='ocrx_word' id='word_1_285' title='bbox 410 3910 498 3956; x_wconf 88' lang='lat' dir='ltr'>Baiter</span> <span class='ocrx_word' id='word_1_286' title='bbox 525 3910 597 3956; x_wconf 84' lang='lat' dir='ltr'>Fasti</span> <span class='ocrx_word' id='word_1_287' title='bbox 623 3923 692 3956; x_wconf 84' lang='lat' dir='ltr'>cons.</span> <span class='ocrx_word' id='word_1_288' title='bbox 722 3912 748 3956; x_wconf 87' lang='lat' dir='ltr'>et</span> <span class='ocrx_word' id='word_1_289' title='bbox 774 3910 895 3969; x_wconf 88' lang='lat' dir='ltr'>triumph.</span> <span class='ocrx_word' id='word_1_290' title='bbox 913 3924 938 3971; x_wconf 91' lang='lat' dir='ltr'>p.</span> <span class='ocrx_word' id='word_1_291' title='bbox 958 3910 1029 3958; x_wconf 82' lang='lat' dir='ltr'>CLX.</span> <span class='ocrx_word' id='word_1_292' title='bbox 1051 3935 1078 3944; x_wconf 33' lang='grc' dir='ltr'>ι-</span> <span class='ocrx_word' id='word_1_293' title='bbox 1100 3902 1119 3966; x_wconf 78' lang='grc'>4)</span> <span class='ocrx_word' id='word_1_294' title='bbox 1138 3911 1205 3957; x_wconf 85' lang='lat' dir='ltr'>Plut.</span> <span class='ocrx_word' id='word_1_295' title='bbox 1224 3911 1294 3957; x_wconf 82' lang='lat' dir='ltr'>Sulla</span> <span class='ocrx_word' id='word_1_296' title='bbox 1312 3913 1361 3969; x_wconf 79' lang='lat'>343</span> 
     </span>
     <span class='ocr_line' id='line_1_35' title="bbox 294 3995 1360 4055; baseline -0.001 -12"><span class='ocrx_word' id='word_1_297' title='bbox 294 3995 347 4043; x_wconf 88' lang='lat' dir='ltr'>Vel.</span> <span class='ocrx_word' id='word_1_298' title='bbox 365 3995 399 4054; x_wconf 85' lang='lat'>11,</span> <span class='ocrx_word' id='word_1_299' title='bbox 416 3996 456 4052; x_wconf 79' lang='lat'>27,</span> <span class='ocrx_word' id='word_1_300' title='bbox 475 3996 506 4052; x_wconf 79' lang='lat'>53</span> <span class='ocrx_word' id='word_1_301' title='bbox 524 3996 588 4055; x_wconf 79' lang='lat' dir='ltr'>App.</span> <span class='ocrx_word' id='word_1_302' title='bbox 604 3995 633 4041; x_wconf 93' lang='lat' dir='ltr'>B.</span> <span class='ocrx_word' id='word_1_303' title='bbox 652 3995 678 4041; x_wconf 82' lang='lat' dir='ltr'>O.</span> <span class='ocrx_word' id='word_1_304' title='bbox 697 3995 717 4051; x_wconf 86' lang='grc' dir='ltr'>Ι,</span> <span class='ocrx_word' id='word_1_305' title='bbox 746 3996 776 4040; x_wconf 82' lang='grc'>97</span> <span class='ocrx_word' id='word_1_306' title='bbox 807 4008 864 4040; x_wconf 91' lang='lat' dir='ltr'>eum</span> <span class='ocrx_word' id='word_1_307' title='bbox 891 4007 921 4041; x_wconf 84' lang='lat' dir='ltr'>ex</span> <span class='ocrx_word' id='word_1_308' title='bbox 933 4009 954 4042; x_wconf 89' lang='lat' dir='ltr'>s.</span> <span class='ocrx_word' id='word_1_309' title='bbox 966 4009 986 4041; x_wconf 88' lang='lat' dir='ltr'>o.</span> <span class='ocrx_word' id='word_1_310' title='bbox 1006 3996 1042 4042; x_wconf 87' lang='lat' dir='ltr'>ita</span> <span class='ocrx_word' id='word_1_311' title='bbox 1059 3998 1177 4043; x_wconf 78' lang='lat' dir='ltr'>vocatum</span> <span class='ocrx_word' id='word_1_312' title='bbox 1199 4009 1256 4042; x_wconf 86' lang='lat' dir='ltr'>esse</span> <span class='ocrx_word' id='word_1_313' title='bbox 1273 3997 1360 4054; x_wconf 83' lang='lat' dir='ltr'>tradit,</span> 
     </span>
     <span class='ocr_line' id='line_1_36' title="bbox 295 4080 1362 4141; baseline 0.001 -15"><span class='ocrx_word' id='word_1_314' title='bbox 295 4081 367 4140; x_wconf 81' lang='lat' dir='ltr'>quod</span> <span class='ocrx_word' id='word_1_315' title='bbox 381 4080 419 4126; x_wconf 88' lang='lat' dir='ltr'>sio</span> <span class='ocrx_word' id='word_1_316' title='bbox 437 4080 633 4139; x_wconf 84' lang='lat' dir='ltr'>intelligendum</span> <span class='ocrx_word' id='word_1_317' title='bbox 661 4083 708 4138; x_wconf 85' lang='lat' dir='ltr'>est,</span> <span class='ocrx_word' id='word_1_318' title='bbox 736 4093 793 4126; x_wconf 90' lang='lat' dir='ltr'>eum</span> <span class='ocrx_word' id='word_1_319' title='bbox 819 4094 911 4126; x_wconf 91' lang='lat' dir='ltr'>nomen</span> <span class='ocrx_word' id='word_1_320' title='bbox 931 4094 988 4127; x_wconf 87' lang='lat' dir='ltr'>ase</span> <span class='ocrx_word' id='word_1_321' title='bbox 1006 4081 1063 4141; x_wconf 88' lang='lat' dir='ltr'>ipso</span> <span class='ocrx_word' id='word_1_322' title='bbox 1082 4083 1213 4140; x_wconf 82' lang='lat' dir='ltr'>acceptum</span> <span class='ocrx_word' id='word_1_323' title='bbox 1234 4094 1285 4128; x_wconf 80' lang='lat' dir='ltr'>so.</span> <span class='ocrx_word' id='word_1_324' title='bbox 1304 4095 1362 4127; x_wconf 86' lang='lat' dir='ltr'>san·</span> 
     </span>
     <span class='ocr_line' id='line_1_37' title="bbox 294 4165 1361 4225; baseline 0.002 -15"><span class='ocrx_word' id='word_1_325' title='bbox 294 4165 363 4211; x_wconf 78' lang='lat' dir='ltr'>risse</span> <span class='ocrx_word' id='word_1_326' title='bbox 372 4180 379 4224; x_wconf 92' lang='lat'>;</span> <span class='ocrx_word' id='word_1_327' title='bbox 395 4179 453 4212; x_wconf 85' lang='lat' dir='ltr'>num</span> <span class='ocrx_word' id='word_1_328' title='bbox 472 4165 557 4212; x_wconf 86' lang='lat' dir='ltr'>omnia</span> <span class='ocrx_word' id='word_1_329' title='bbox 574 4178 639 4224; x_wconf 89' lang='lat' dir='ltr'>quae</span> <span class='ocrx_word' id='word_1_330' title='bbox 659 4166 770 4212; x_wconf 85' lang='lat' dir='ltr'>dictator</span> <span class='ocrx_word' id='word_1_331' title='bbox 787 4165 856 4218; x_wconf 83' lang='lat' dir='ltr'>fecit.</span> <span class='ocrx_word' id='word_1_332' title='bbox 873 4165 1185 4225; x_wconf 88' lang='lat' dir='ltr'>legitimaqnodammodo</span> <span class='ocrx_word' id='word_1_333' title='bbox 1195 4167 1361 4223; x_wconf 84' lang='lat' dir='ltr'>essevoluit;</span> 
     </span>
     <span class='ocr_line' id='line_1_38' title="bbox 296 4241 1360 4310; baseline 0.002 -14"><span class='ocrx_word' id='word_1_334' title='bbox 296 4250 341 4299; x_wconf 83' lang='lat' dir='ltr'>cfr.</span> <span class='ocrx_word' id='word_1_335' title='bbox 366 4250 419 4298; x_wconf 76' lang='lat' dir='ltr'>Vel.</span> <span class='ocrx_word' id='word_1_336' title='bbox 437 4250 503 4298; x_wconf 84' lang='lat' dir='ltr'>Max.</span> <span class='ocrx_word' id='word_1_337' title='bbox 521 4251 562 4308; x_wconf 87' lang='lat' dir='ltr'>VI,</span> <span class='ocrx_word' id='word_1_338' title='bbox 581 4252 604 4310; x_wconf 82' lang='lat'>4,</span> <span class='ocrx_word' id='word_1_339' title='bbox 624 4251 638 4297; x_wconf 81' lang='grc' dir='ltr'>ὅ</span> <span class='ocrx_word' id='word_1_340' title='bbox 658 4253 720 4298; x_wconf 84' lang='lat' dir='ltr'>extr.</span> <span class='ocrx_word' id='word_1_341' title='bbox 741 4275 771 4283; x_wconf 92' lang='lat'>-</span> <span class='ocrx_word' id='word_1_342' title='bbox 790 4241 808 4304; x_wconf 65' lang='grc' dir='ltr'>Β)</span> <span class='ocrx_word' id='word_1_343' title='bbox 825 4250 888 4299; x_wconf 85' lang='lat' dir='ltr'>Vide</span> <span class='ocrx_word' id='word_1_344' title='bbox 906 4263 983 4310; x_wconf 86' lang='lat' dir='ltr'>supra</span> <span class='ocrx_word' id='word_1_345' title='bbox 999 4265 1023 4310; x_wconf 90' lang='lat' dir='ltr'>p.</span> <span class='ocrx_word' id='word_1_346' title='bbox 1044 4253 1065 4298; x_wconf 86' lang='lat'>5.</span> <span class='ocrx_word' id='word_1_347' title='bbox 1086 4276 1116 4284; x_wconf 95' lang='lat'>-</span> <span class='ocrx_word' id='word_1_348' title='bbox 1137 4243 1155 4307; x_wconf 72' lang='grc'>6)</span> <span class='ocrx_word' id='word_1_349' title='bbox 1173 4251 1239 4298; x_wconf 85' lang='lat' dir='ltr'>Plut.</span> <span class='ocrx_word' id='word_1_350' title='bbox 1259 4252 1328 4298; x_wconf 82' lang='lat' dir='ltr'>Sulla</span> <span class='ocrx_word' id='word_1_351' title='bbox 1347 4254 1360 4298; x_wconf 87' lang='grc'>3</span> 
     </span>
     <span class='ocr_line' id='line_1_39' title="bbox 295 4335 429 4384; baseline 0.015 -2"><span class='ocrx_word' id='word_1_352' title='bbox 295 4336 321 4382; x_wconf 87' lang='lat' dir='ltr'>et</span> <span class='ocrx_word' id='word_1_353' title='bbox 338 4335 370 4382; x_wconf 81' lang='lat'>30</span> <span class='ocrx_word' id='word_1_354' title='bbox 387 4335 429 4384; x_wconf 86' lang='lat' dir='ltr'>fin.</span> 
     </span>
    </p>
   </div>
   <div class='ocr_carea' id='block_1_7' title="bbox 0 0 1462 5062">
    <p class='ocr_par' dir='ltr' id='par_1_8' title="bbox 0 0 1462 5062">
     <span class='ocr_line' id='line_1_40' title="bbox 0 0 1462 5062; baseline 0 0"><span class='ocrx_word' id='word_1_355' title='bbox 0 0 1462 5062; x_wconf 95' lang='lat' dir='ltr'> </span> 
     </span>
    </p>
   </div>
  </div>
 </body>
</html>
