2916 5062
589 488 645 551 111

86 653 147 711 sius
178 672 236 712 non
269 654 366 711 solum
399 652 471 711 dicit
492 652 601 722 hostes,
624 669 699 728 quos
721 653 758 710 ad
779 653 881 728 Aquas
905 653 1021 712 Sextias
1043 650 1154 712 fuderit

87 751 207 822 Marius,
229 751 320 810 fuisse
343 750 501 826 Tigurinos
523 754 553 808 et
574 751 760 822 Ambroues;
783 752 835 809 sed
856 752 943 809 etiam
964 751 1153 810 addithostes

90 849 138 921 qui
160 850 260 923 paullo
281 851 386 924 postea
406 848 435 904 in
458 847 568 922 Campo
590 849 706 907 Raudio
728 849 800 907 victi
820 849 886 919 sint,
903 848 994 907 luisse
1006 849 1154 907 Teutones

90 949 119 1002 et
139 946 272 1004 Oimbros
296 947 327 1019 ¹).
350 944 463 1003 Verum
484 946 625 1003 erraverit
647 965 715 1003 sane
737 946 850 1020 opinor,
874 946 898 1003 si
916 947 982 1021 quis
1001 946 1086 1003 iubis
1099 945 1154 1003 dis·

91 1044 245 1119 crepantiis
278 1047 421 1118 quattuor
452 1046 608 1101 auctorum
636 1044 825 1102 traditionem
846 1044 1005 1119 propriam,
1028 1044 1155 1119 singula·

90 1160 148 1199 rem
180 1144 210 1199 et
242 1142 403 1215 antiquam,
437 1140 531 1199 inesse
558 1142 719 1215 putaverit.
762 1141 802 1198 Hi
830 1144 966 1201 auctores
987 1141 1152 1200 habeantne

91 1239 276 1298 traditionem
307 1239 468 1314 propriam,
500 1258 564 1296 eam
596 1238 799 1312 quaestionem
832 1258 889 1298 uon
923 1259 958 1297 ex
986 1239 1031 1297 his
1052 1239 1154 1314 paucis

92 1337 184 1394 verbis
214 1336 311 1393 dirimi
340 1339 459 1411 oportet
480 1335 588 1410 quibus
610 1337 729 1395 uomina
751 1336 882 1394 hostium
905 1337 940 1394 ab
963 1338 1004 1396 eis
1025 1337 1154 1412 produn-

93 1437 156 1505 tur;
180 1435 232 1492 sed
255 1454 289 1492 ex
311 1433 383 1508 ipsis
405 1433 624 1492 narrationibus
646 1434 682 1491 ab
705 1435 746 1492 eis
768 1434 889 1492 adiectis
911 1454 945 1492 ea
966 1419 1155 1509 quaestioiu-

94 1531 212 1590 dicanda
234 1536 287 1590 est.
329 1533 372 1589 At
392 1532 446 1589 hae
468 1532 650 1590 narrationes
672 1532 791 1590 omuino
814 1551 871 1590 non
899 1531 1037 1590 differunt
1060 1553 1076 1590 a
1097 1537 1154 1591 tra·

93 1629 199 1688 ditione
219 1630 342 1704 vulgata
363 1628 493 1697 Liviana,
516 1631 552 1686 ut
566 1629 642 1686 infra
660 1628 865 1699 ostendemus;
886 1629 1049 1705 Eutropius
1068 1629 1157 1688 habet

94 1729 215 1786 eundem
233 1747 390 1786 numerum
406 1745 559 1785 caesorum
579 1742 665 1800 quem
685 1727 791 1800 reliqui
803 1730 948 1799 auctores
960 1727 1038 1786 idem
1049 1747 1155 1786 nomen

94 1825 173 1885 ducis
196 1825 422 1896 Teutobodum3
446 1825 568 1884 Orosius
590 1844 648 1894 non
670 1825 765 1900 magis
787 1825 893 1883 differt.

131 1924 235 1998 ltaque
257 1924 305 1982 vix
327 1923 444 1982 credere
466 1922 550 1982 uobis
571 1923 642 1981 licet
662 1923 851 1981 traditionem
872 1924 1023 1998 propriam
1042 1927 1071 1982 et
1083 1923 1155 1982 anti-

92 2037 179 2096 quam
202 2042 218 2079 a
240 2022 362 2080 Liviana
383 2021 507 2079 alienam
529 2020 570 2078 ibi
592 2022 687 2080 solum
709 2020 745 2078 ab
768 2021 809 2078 eis
831 2040 894 2079 esse
917 2020 1088 2092 adhibitam,
1105 2022 1157 2080 ubi

90 2119 126 2178 de
157 2119 325 2178 nominibus
357 2119 488 2178 hostium
521 2137 617 2177 sermo
649 2121 735 2177 esset.
778 2118 902 2176 Accedit
931 2119 1011 2193 quod
1033 2119 1155 2178 Orosius

89 2219 176 2292 plane
207 2220 355 2292 repugnat
385 2217 508 2276 Aurelio
541 2216 656 2275 Victori
677 2219 707 2275 et
727 2216 889 2292 Eutropi03
912 2217 942 2274 hi
964 2217 1098 2276 Cimbros
1120 2217 1157 2274 ad

89 2316 193 2389 Aquas
223 2315 337 2373 Sextias
370 2317 502 2389 ponunt3
536 2314 658 2374 Orosius
690 2334 760 2373 vero
783 2315 820 2372 ad
841 2314 985 2390 Campum
1006 2315 1156 2372 Raudium

90 2414 182 2470 refert
203 2412 335 2470 Cimbros
358 2431 425 2470 cum
447 2411 607 2481 Teutonis3
634 2412 735 2486 itaque
757 2430 815 2469 non
837 2411 921 2482 duae,
945 2412 996 2470 sed
1017 2416 1077 2469 tres
1100 2416 1156 2469 tra·

91 2509 217 2568 ditiones
246 2508 471 2584 distinguendae
499 2509 584 2567 nobis
606 2513 713 2580 essent,
735 2509 760 2568 si
780 2512 898 2567 tantmn
919 2509 1048 2567 tribuere
1071 2510 1156 2567 velle·

91 2626 157 2665 mus
179 2607 224 2666 bis
246 2606 459 2682 discrepantiis.
502 2607 573 2665 lllae
596 2607 809 2682 discrepantiae
831 2626 899 2665 sane
921 2607 994 2664 nihil
1007 2609 1085 2678 sunt,
1099 2606 1157 2665 nisi

94 2725 204 2764 errores
240 2706 372 2780 ipsorum
405 2706 597 2780 scriptorum,
631 2725 665 2762 ex
696 2705 884 2764 festinatione
916 2710 946 2763 et
976 2706 1157 2780 negligentia

95 2805 158 2863 orti.
202 2803 339 2862 Orosium
360 2804 485 2863 fortasse
508 2803 633 2861 eximere
654 2821 823 2877 possumus.
859 2803 931 2861 Eius
953 2822 1065 2861 errores
1088 2806 1157 2861 sunt

94 2905 168 2960 tres:
197 2902 278 2977 quod
307 2901 343 2958 ad
370 2902 473 2976 Aquas
495 2899 609 2958 Sentias
631 2904 749 2975 praeter
769 2901 935 2959 Ambrones
957 2901 1090 2959 nominat
1111 2900 1157 2956 Ti·

93 3000 213 3072 gurinos
237 3035 271 3040 —
295 3017 370 3074 quos
391 3017 449 3056 non
470 2998 500 3054 in
520 2997 617 3072 prima
638 2998 690 3056 sed
707 2998 737 3054 in
754 2999 842 3056 tertia
859 3001 943 3073 parte
964 2998 1157 3073 fuissesupra

95 3095 360 3154 demonstravimus
394 3118 445 3166 -;
477 3095 558 3171 quod
590 3095 631 3153 ibi
663 3085 776 3154 omittit
806 3096 954 3154 Teutones
982 3096 1156 3172 praecipuos

94 3193 209 3264 hostes;
241 3194 322 3270 quod
343 3194 380 3251 ad
402 3194 528 3268 Campos
556 3193 687 3252 Raudios
713 3194 844 3252 nominat
865 3197 982 3269 praeter
1004 3193 1156 3254 Cimbros:

94 3292 253 3359 Teutonos,
275 3293 327 3367 qui
347 3296 411 3350 tum
434 3292 492 3348 iam
514 3291 565 3349 diu
587 3292 721 3367 oppressi
742 3296 832 3351 erant.
865 3291 946 3350 Haec
967 3292 1039 3350 vitia
1060 3292 1159 3350 omnia

96 3390 181 3447 simul
203 3391 261 3449 levi
282 3390 450 3448 coniectura
468 3390 571 3448 tollere
589 3391 714 3449 sortasse
735 3390 813 3461 licet,
835 3391 900 3449 loco
921 3390 1044 3448 mutatis
1066 3390 1157 3448 nomi-

95 3487 180 3546 nibus
202 3488 412 3562 Tigurinorum
434 3491 463 3546 et
485 3487 654 3547 Teutonum
676 3488 709 3562 2).

95 3694 305 3702 ——-

132 3815 149 3876 ¹)
167 3824 240 3869 Oros.
258 3823 286 3879 V,
306 3824 345 3879 16,
366 3824 395 3868 13
414 3835 450 3880 sq.
477 3822 555 3879 „haec
573 3822 604 3867 de
622 3821 750 3880 Tigurinis
769 3823 795 3867 et
811 3822 983 3868 Ambronibus
1000 3824 1073 3880 gesta
1091 3823 1157 3868 sunt.

97 3908 238 3962 „Teutonos
257 3911 340 3952 autem
359 3909 384 3952 et
402 3907 496 3952 Cimbri
508 3941 513 3952 .
525 3941 530 3952 .
542 3941 548 3952 .
559 3905 622 3952 .''—-
643 3897 661 3960 ²)
678 3906 759 3952 Verba
776 3906 907 3964 superiore
925 3907 1088 3952 adnotatione
1106 3906 1158 3951 lau-

95 3983 290 4037 data'fortasso
316 3992 352 4036 ita
370 3991 527 4037 emendanda
545 3993 604 4036 sunt
622 3992 651 4036 ut
668 3991 798 4049 legumus:
818 3991 896 4046 „haec
914 3991 945 4036 do
967 3990 1116 4035 Teutonicus
1133 3993 1159 4036 et

97 4077 282 4132 „Ambronibus
309 4079 381 4134 gesta
407 4077 474 4120 sunt.
521 4076 640 4133 Tiyurinr'
666 4083 750 4121 autem
776 4078 802 4120 et
828 4075 923 4120 Cimbri
947 4075 1053 4133 integris
1078 4074 1158 4133 copiis

41 4206 44 4210 .
96 4161 211 4219 „Alpium
236 4161 308 4206 nives
335 4160 431 4205 emensi
457 4159 547 4206 Italiae
570 4160 646 4218 plana
669 4157 858 4218 pervaserant.”
893 4160 977 4205 Facile
994 4159 1049 4204 fieri
1065 4160 1158 4218 potuit,

95 4249 124 4292 nt
141 4245 285 4304 Tigurinos‚
303 4245 347 4304 qui
364 4245 467 4304 proprie
483 4258 530 4303 per
547 4258 574 4290 se
593 4247 719 4290 steterunt
737 4247 762 4290 et
779 4244 881 4290 tertiam
899 4248 997 4304 partem
1015 4245 1159 4300 effecerunt,

95 4330 140 4376 sed
166 4330 259 4388 quibus
286 4332 369 4375 tamen
396 4328 445 4375 iter
471 4330 523 4374 fere
550 4329 616 4375 idem
648 4332 702 4376 erat
719 4329 787 4388 quod
806 4329 915 4376 Cimbris
932 4325 999 4383 (narn
1015 4329 1115 4387 utrique
1133 4328 1159 4374 iu
