2916 5062
623 458 660 522 4⁷7

111 622 163 697 Sp.
195 621 352 680 Postumio
385 620 503 691 Albino,
537 622 656 680 consule
679 622 746 680 anni
770 623 834 680 110Ι
858 630 887 680 et
908 624 1085 697 proconsule
1106 623 1180 682 inse·

109 719 231 794 quentis
260 719 337 789 anni,
360 719 542 794 pragmatico
564 719 600 776 ab
622 720 673 778 illo
695 722 855 779 tractatum
878 723 931 778 est.
974 721 1108 779 Primum
1131 722 1180 779 ali-

110 817 160 874 cui
180 817 344 892 prolixitati
366 817 558 887 occurrimus,
576 836 644 875 cum
656 817 870 892 expeditionem
884 818 920 875 ab
933 818 1012 877 Aulo
1024 819 1179 879 Postumio

108 914 220 971 Albino
253 914 352 988 legato
385 914 526 972 adversus
558 914 666 972 Suthul
692 914 794 972 urbem
817 934 893 973 anno
918 917 989 974 109υ
1011 919 1178 991 susceptam

109 1011 271 1070 conscribit
284 1013 315 1086 ¹).
357 1011 401 1068 Ex
423 1011 528 1070 Orosio
550 1012 700 1070 effecimus
722 1011 838 1070 Livium
859 1032 977 1087 quoque
991 1013 1026 1071 de
1038 1014 1079 1071 eis
1091 1014 1179 1072 rebus

108 1108 265 1185 quaedam,
298 1128 374 1184 quae
407 1127 465 1167 non
497 1129 513 1166 a
545 1109 686 1168 Sallustio
708 1110 878 1184 penderent,
901 1110 1065 1169 tradidisse.
1108 1111 1179 1170 Eius

108 1207 263 1282 temporis
297 1206 378 1282 quod
398 1206 536 1264 Metellus
559 1207 588 1263 in
610 1207 711 1265 Africa
733 1207 815 1282 degit
827 1208 859 1281 2),
881 1208 1032 1268 uberiores
1055 1209 1179 1267 narrati·

108 1323 179 1363 ones
202 1303 282 1379 apud
303 1303 477 1362 Sallustium
500 1309 617 1362 exstant
638 1305 673 1363 de
696 1305 739 1362 his
761 1305 866 1364 rebus:

152 1404 189 1460 1²².
232 1403 277 1460 De
304 1401 468 1461 rationibus
498 1421 571 1477 quas
588 1402 732 1464 Metellus
754 1421 829 1461 anno
855 1403 925 1461 1090
946 1407 980 1461 ut
1001 1404 1115 1479 lapsam
1137 1404 1177 1461 di·

108 1500 263 1576 sciplinam
285 1500 456 1559 restitueret
477 1499 561 1570 iniit3
585 1500 732 1575 copiosior
753 1501 788 1558 de
810 1521 844 1558 ea
860 1520 891 1559 re
903 1501 1033 1561 narratio
1047 1503 1179 1560 eiusdem

108 1598 225 1674 generis
256 1601 286 1656 et
306 1599 432 1656 fortasse
454 1617 490 1656 ex
511 1597 613 1656 eodem
634 1599 716 1657 sonte
738 1598 845 1657 hausta
866 1599 934 1657 olim
958 1600 1004 1672 (ut
1025 1599 1177 1675 probabile

109 1699 155 1753 est
177 1695 257 1771 apud
278 1695 408 1768 Livium)
431 1695 553 1754 exstitit.
587 1696 747 1755 Frontinus
769 1697 856 1767 enim,
878 1701 914 1754 ut
936 1716 1025 1772 supra
1043 1698 1066 1772 3)
1089 1699 1177 1773 expli·

109 1794 250 1864 cavimus
284 1813 349 1852 eam
380 1793 492 1852 Metelli
514 1793 601 1852 edicti
623 1799 748 1869 partem,
772 1814 861 1869 quam
883 1795 1045 1854 Sallustius
1068 1796 1179 1865 omisit,

109 1891 268 1949 memoriae
298 1891 440 1967 prodidit.
491 1890 765 1950 Animadvertimus
797 1892 912 1966 legatos
945 1893 1066 1963 Metelli,
1090 1894 1179 1966 (inter

110 2007 185 2064 quos
207 1989 241 2046 P.
264 1989 394 2048 Rutilius
416 1989 513 2047 Rufus
535 1993 565 2047 et
587 1988 618 2048 Ο.
640 1989 751 2048 Marius
775 1990 886 2064 cogniti
908 1990 1000 2062 sunt),
1019 1991 1077 2050 illis
1089 1991 1177 2050 rebus

108 2088 212 2145 saltem
235 2088 368 2159 affuisse;
401 2088 590 2146 memorabile
613 2091 658 2146 est
680 2087 855 2146 Sallustium
878 2089 907 2146 in
929 2089 983 2148 hac
1005 2093 1089 2165 parte
1112 2090 1178 2164 ipsa

109 2187 318 2246 conscribenda
339 2207 397 2246 non
418 2187 565 2246 Rutilium
588 2187 707 2262 quidem
729 2188 895 2247 nominasse
915 2188 966 2246 sed
986 2193 1177 2264 tamenprae-

111 2284 195 2360 cipue
228 2286 385 2362 legatorum
416 2286 528 2344 Metelli
559 2285 739 2344 mentionem
760 2286 880 2344 fecisse:
917 2286 1100 2358 ,Metellus”,
1124 2287 1174 2358 ait,

12 2438 13 2443 ,
112 2383 243 2458 ,vigilios
266 2382 382 2441 crebras
403 2403 511 2458 ponere
533 2387 562 2442 et
584 2403 632 2441 eas
654 2383 717 2458 ipse
739 2402 807 2442 cum
826 2384 932 2458 legatis
951 2383 1172 2456 circumire’'4).

147 2482 187 2538 2³.
229 2486 273 2539 De
295 2499 396 2556 pugna
417 2482 496 2556 apud
518 2482 637 2540 Muthul
657 2482 767 2539 flumen
789 2483 875 2539 facta.
908 2481 985 2540 Tota
1003 2482 1172 2557 descriptio

109 2598 197 2654 quam
229 2578 388 2636 Sallustius
417 2578 452 2636 de
473 2579 529 2638 hoc
551 2580 663 2654 proelio
685 2579 764 2649 fecit,
787 2579 871 2638 testis
893 2580 1003 2638 oculati
1026 2580 1174 2656 experien-

108 2676 179 2734 tiam
201 2677 288 2751 sapit,
311 2676 383 2734 locis
404 2676 559 2751 perspicue
582 2677 747 2752 descriptis,
769 2696 888 2752 pugnae
909 2678 1024 2736 ratione
1036 2683 1175 2737 accurate

109 2775 261 2850 explicata.
303 2774 451 2832 Audimus
481 2778 631 2833 auctorem
653 2776 716 2833 veri
737 2779 894 2846 amantem,
917 2795 1024 2851 magna
1045 2777 1176 2852 pericula

109 2876 138 2930 et
168 2872 312 2942 miseriae,
345 2871 454 2948 quibus
475 2872 601 2930 Romani
624 2874 784 2932 conflictati
806 2880 884 2943 sunt,
907 2893 965 2933 non
988 2874 1175 2932 dissimulan-

108 2974 158 3028 tur
177 2971 211 3045 ὃ),
234 2989 328 3045 neque
350 2971 512 3039 Metellum,
534 2970 604 3030 licet
625 2972 760 3047 superior
781 2972 916 3042 evaserit,
942 2972 1071 3043 ,minore
1088 2973 1175 3031 detri-

112 3073 228 3140 ,mento
250 3068 350 3126 hostes
372 3068 450 3127 vinci
471 3088 561 3144 quam
583 3088 652 3128 suos
673 3070 808 3128 vincere’'
821 3069 844 3144 6)
856 3069 1043 3141 intellexisse,
1059 3071 1175 3130 silentio

108 3167 228 3241 tegitur.
261 3166 342 3235 Quae
364 3170 464 3224 autem
486 3167 584 3224 omnia
604 3167 716 3242 optime
738 3168 769 3225 in
784 3168 932 3226 Rutilium
950 3168 1068 3238 cadunt,
1087 3188 1175 3243 quem

109 3291 126 3328 a
153 3271 314 3330 Plutarcho
346 3259 511 3342 φιλαλήθη
540 3262 642 3345 ἄνδρα
673 3265 726 3326 καὶ
758 3268 888 3347 χρηστόν
919 3274 1031 3331 dictum
1059 3273 1081 3347 7)
1106 3274 1176 3331 huic

108 3386 225 3443 pugnae
246 3369 425 3440 interfuisse,
447 3390 493 3429 res
517 3371 588 3429 bene
610 3372 736 3444 gessisse
759 3374 789 3430 et
810 3391 874 3429 eam
895 3375 1019 3447 partem,
1042 3391 1101 3446 qua
1118 3371 1175 3429 Ro·

109 3467 187 3524 muni
219 3486 286 3525 cum
318 3467 483 3527 Bomilcare
515 3469 576 3527 acie
608 3469 811 3539 conflixerunt,
833 3470 931 3545 ipsum
954 3469 1174 3528 administrasse

110 3568 226 3624 constat
247 3564 281 3638 8).
304 3565 575 3626 Animadvertimus
598 3586 646 3625 eas
668 3585 714 3625 res
737 3570 853 3625 tantum
875 3587 891 3624 a
913 3567 1053 3625 Sallustio
1065 3567 1175 3625 tradita

109 3681 181 3732 esse,
219 3683 345 3739 quarum
381 3664 512 3722 Rutilius
544 3684 603 3724 non
634 3665 755 3739 ignarus
789 3664 879 3723 fuisse
912 3664 1058 3735 videatur,
1090 3665 1173 3722 illum

107 3763 207 3819 totum
227 3761 372 3836 proelium
395 3765 516 3837 aparte
538 3762 652 3832 Rutilii,
674 3782 733 3820 non
755 3762 875 3833 Metelli,
898 3766 1064 3838 spectatum
1084 3763 1173 3837 expli·

109 3876 190 3916 casse
212 3861 241 3916 et
263 3857 490 3935 descriptionem
513 3860 591 3918 illius
612 3861 717 3935 proelii
739 3880 756 3917 a
777 3859 918 3918 Sallustio
940 3880 955 3918 e
976 3860 1081 3919 Rutilii
1097 3879 1173 3917 corn-

110 4027 313 4036 ——.——-

144 4129 162 4195 1)
180 4153 254 4199 supro
273 4152 298 4199 p.
317 4141 356 4189 29.
377 4166 405 4174 -
418 4130 445 4196 a)
464 4153 539 4200 snpra
556 4155 581 4201 p.
600 4141 639 4188 30.
661 4166 688 4176 ·-
711 4132 730 4197 ³)
748 4155 824 4201 snpra
841 4155 865 4201 p.
887 4142 926 4188 35.
947 4164 975 4176 ...
997 4132 1015 4194 4)
1030 4140 1088 4186 Sall.
1098 4141 1139 4196 45,
1150 4140 1177 4187 if

110 4248 139 4258 —
161 4217 179 4279 ὖ)
197 4228 226 4270 ur
244 4227 284 4283 51,
304 4227 325 4272 1.
346 4253 372 4260 -
396 4218 414 4281 ἢ
434 4227 473 4283 04,
493 4228 514 4273 5.
534 4249 564 4259 —
593 4217 611 4281 ἵ)
629 4241 706 4287 supra
723 4241 748 4287 p.
766 4228 805 4272 43.
827 4252 856 4259 -
880 4217 898 4280 ⁸)
917 4226 979 4272 vine
998 4226 1080 4282 Peter,
1099 4226 1129 4271 rr.
1147 4239 1172 4285 p.

110 4311 165 4367 120,
185 4311 240 4356 121.

1286 802 1295 829 Ι
