2916 5062
607 471 644 532 63

105 652 193 708 agere
222 638 368 708 coeperat,
396 634 487 708 legati
509 634 571 691 eius
594 634 698 709 quinto
719 635 789 708 post
810 634 935 691 alterum
957 634 1101 709 proelium
1125 631 1171 690 die

105 731 187 789 inid
209 732 352 808 oppidum
373 735 526 790 venerunt..

106 827 139 887 3.
182 830 213 888 C.
239 830 304 898 102,
328 831 455 900 2-103,
481 830 505 887 1,

146 926 282 986 Bocchus
304 947 372 986 cum
394 929 486 986 Mario
508 927 543 986 de
565 948 637 1003 pace
659 929 740 1004 agit;
763 932 862 987 actum
885 931 984 986 autem
1007 929 1062 986 hoc
1082 929 1169 988 ruodo

106 1029 158 1083 cst.
198 1023 221 1099 ³}
245 1025 320 1083 Cum
351 1025 487 1084 Bocchus
519 1026 693 1100 rogavisset,
726 1030 760 1084 ut
792 1026 866 1085 lidos
895 1027 1009 1099 legatos
1031 1025 1170 1096 mitteret,

108 1122 188 1180 Sulla
210 1126 350 1199 quaestor
371 1127 401 1181 et
422 1124 548 1181 Manlius
570 1124 687 1197 legatus
709 1123 878 1180 mittuntur.
911 1122 965 1180 Ille
981 1121 1061 1197 apud
1071 1140 1170 1196 regem

108 1221 195 1279 verba
226 1221 306 1291 facit,
339 1241 390 1279 rex
422 1221 456 1278 de
488 1220 573 1277 Marii
595 1220 680 1278 lactis
703 1221 895 1295 conqueritur
918 1221 949 1293 1).
985 1216 1008 1295 Ι’)
1031 1218 1098 1276 Non
1119 1239 1172 1293 per

109 1318 218 1376 Sullam
251 1323 281 1376 et
314 1318 465 1387 Manlium,
490 1353 523 1360 ω
547 1338 615 1374 nam
647 1318 692 1375 his
714 1318 819 1375 talium
841 1336 939 1374 rerum
961 1319 1092 1391 potestas
1114 1336 1172 1375 non

108 1420 177 1486 erat,
207 1415 259 1474 sed
280 1435 314 1473 ea
335 1435 410 1490 quae
433 1415 569 1474 Bocchus
591 1420 706 1490 peteret
727 1416 820 1473 Mario
843 1414 998 1473 deferenda
1020 1417 1111 1484 erant,
1136 1449 1166 1458 --

108 1532 208 1571 verum
230 1533 283 1588 par
296 1514 368 1572 alios
380 1514 494 1588 legatos
506 1533 523 1570 a
533 1513 627 1572 Mario
638 1514 775 1589 deinceps
792 1514 898 1572 missos
910 1512 1028 1572 Boccho
1039 1515 1172 1587 potestas

109 1610 194 1668 datur
215 1611 334 1670 nuntios
356 1611 494 1669 mittendi
515 1611 640 1670 Romam
659 1611 695 1669 ad
714 1614 857 1681 senatum,
871 1611 930 1680 sed,
942 1629 1011 1685 rege
1023 1610 1058 1668 ab
1072 1610 1172 1667 amieis

108 1707 216 1767 interea
238 1729 254 1766 a
276 1710 421 1767 sententia
443 1709 581 1778 abducto,
603 1709 654 1766 illa
673 1710 765 1768 altera
783 1709 893 1784 legatio
915 1708 1000 1766 Marii
1021 1708 1172 1766 reinserta

108 1805 223 1865 Uticam
245 1808 341 1865 rediit.
384 1807 458 1867 Cum
480 1829 496 1866 a
518 1807 642 1883 siugulis
661 1807 858 1881 legationibus
870 1807 927 1865 iter
937 1826 990 1882 per
1000 1806 1172 1864 Numidiam

109 1903 323 1964 Occidentalem
347 1909 377 1964 et
399 1905 578 1964 Orientalem
600 1905 667 1963 inde
680 1904 715 1962 ab
728 1904 816 1962 Utica
830 1924 924 1981 usque
937 1904 973 1962 ad
984 1904 1056 1963 fines
1068 1904 1171 1963 Trans-

110 2004 318 2063 mulucchanos
350 2005 430 2063 ultro
460 2004 592 2079 citroque
622 2003 835 2062 conficiendum
858 2006 944 2073 esset,
966 2003 1172 2078 longissimum

109 2102 249 2178 temporis
282 2102 420 2177 spatium,
444 2102 537 2160 maior
558 2121 626 2177 pars
648 2101 762 2171 hiemis,
785 2101 855 2158 dum
878 2121 928 2160 eae
949 2120 996 2159 res
1018 2104 1171 2175 geruntur,

109 2201 291 2274 praeterierit
314 2219 430 2259 neeesse
453 2204 506 2259 est.
550 2200 691 2259 Sallustio
713 2204 869 2258 narrante:
895 2200 1040 2271 ,Marium
1061 2202 1173 2258 interea

112 2299 256 2367 ,exercitu
288 2299 317 2355 in
350 2299 547 2358 hibernaculis
579 2299 744 2373 composito
768 2343 773 2356 .
798 2344 803 2356 .
827 2343 833 2356 .
857 2344 863 2356 .
895 2298 1171 2372 p1·0fiaisaitu1·”2)‚

109 2397 284 2455 vocabulum
316 2399 428 2455 interea
459 2416 516 2456 non
550 2397 586 2454 ad
618 2396 742 2455 verbam
768 2397 964 2472 proficiscitur
984 2396 1170 2454 referendum

109 2498 159 2566 est,
182 2495 233 2553 sed
255 2495 343 2552 adid
364 2496 444 2571 quod
466 2499 511 2554 est
532 2497 656 2554 exercitu
675 2497 832 2570 corrrposito.
865 2494 933 2553 Non
951 2494 1022 2552 dicit
1034 2493 1169 2563 Marium,

108 2591 175 2650 dum
208 2592 244 2651 de
275 2612 347 2668 pace
379 2594 513 2653 facienda
534 2594 642 2668 agitur,
664 2593 831 2668 proiectum
852 2612 915 2652 esse
938 2592 987 2651 sed
1010 2612 1077 2650 eum
1100 2592 1171 2650 dum

108 2690 141 2749 de
170 2710 243 2766 pace
275 2691 375 2766 agitur
395 2691 504 2749 milites
525 2691 555 2748 in
576 2691 698 2748 hiberna
719 2691 873 2749 deduxisse
895 2698 924 2748 et
945 2693 1049 2765 postea
1072 2725 1106 2733 -
1129 2690 1170 2746 in·

110 2793 194 2847 eunte
222 2808 289 2847 vere
311 2788 492 2864 insequentis
514 2789 581 2845 anni
605 2824 636 2830 -
662 2807 753 2847 novas
776 2788 974 2863 expeditiones
997 2788 1170 2863 suscepisse.

110 2883 141 2943 4.
183 2886 214 2944 O.
240 2887 304 2957 103,
329 2887 485 2956 raiol,
511 2887 534 2944 1.

146 2984 259 3042 Marius
290 2989 420 3043 extrema
452 2983 555 3051 hieme,
588 2983 670 3043 Sulla
698 3003 764 3042 eum
787 2984 910 3059 imperio
932 2983 1036 3042 Uticae
1057 2984 1170 3054 relict0,

110 3085 223 3156 partem
265 3082 410 3140 exercitus
443 3082 550 3152 educit,
582 3086 617 3140 ut
645 3083 751 3140 turrim
780 3083 900 3157 regiam,
934 3099 993 3156 quo
1025 3082 1171 3157 Iugurtha

110 3181 249 3255 perfugas
271 3199 371 3238 omnes
393 3180 573 3256 praesidium
595 3181 786 3255 imposuerat,
808 3181 956 3239 obsideret
977 3180 1010 3255 3).

111 3368 312 3375 ——.——-

146 3470 164 3534 ¹)
193 3481 247 3535 102,
276 3479 365 3524 5—15.
394 3503 423 3510 —
452 3469 470 3532 9)
499 3480 554 3534 103,
575 3480 595 3524 1.
625 3504 654 3511 -
683 3470 701 3533 3)
719 3480 774 3526 Non
793 3480 874 3525 solum
894 3493 924 3525 ex
942 3480 1050 3538 Appiani
1068 3479 1171 3525 disertis

113 3563 196 3608 verbis
223 3565 327 3622 apparet
353 3576 407 3608 eam
435 3563 622 3622 expeditionem
640 3564 762 3608 adversus
781 3563 902 3609 Gaetulos
921 3567 1065 3623 susceptam
1084 3564 1171 3619 fuisse,

112 3649 156 3693 sed
182 3648 258 3693 ctiam
287 3662 301 3693 e
327 3647 448 3693 Sallustio
474 3648 500 3692 id
528 3647 641 3705 intellegi
660 3648 726 3693 lieet.
747 3639 780 3694 1⁰.
797 3650 887 3694 Narrat
904 3649 1011 3694 Marium
1029 3649 1171 3707 proiectum

111 3744 166 3776 esse
193 3732 224 3776 ad
252 3732 355 3789 „turrim
383 3732 486 3789 regiam,
513 3744 563 3790 quo
589 3731 713 3789 Iugurtha
738 3732 858 3790 perfugas
885 3746 972 3778 omnes
991 3731 1171 3791 imposue1·at‚”

112 3816 265 3875 capiendam.
292 3818 372 3874 Supra
399 3813 432 3874 (p.
452 3813 492 3869 60)
520 3817 570 3861 iam
597 3817 827 3862 demonstravimus
849 3817 997 3874 Iugurtham
1016 3830 1029 3862 e
1048 3820 1102 3862 tota
1120 3818 1171 3862 iore

112 3900 231 3946 Numidia
257 3901 389 3959 expulsum
416 3914 466 3946 non
484 3901 649 3947 Numidarum
668 3902 712 3946 sed
732 3901 896 3948 Gaetulorum
916 3903 996 3961 copiis
1014 3915 1088 3947 usum
1107 3915 1171 3948 esse.

113 3985 173 4030 (lum
200 3984 280 4040 igitur
299 3985 416 4031 Numidis
434 3998 484 4030 nou
502 3985 552 4030 iam
571 3985 716 4041 confideret,
733 3986 853 4045 perfugas
870 4000 919 4032 non
939 3987 975 4031 ela
992 3987 1038 4032 sed
1057 3987 1173 4031 Gaetulia

113 4069 292 4114 custodiendos
310 4069 387 4114 dedit.
407 4061 442 4115 2⁰.
461 4069 577 4114 Bocchus
595 4069 693 4128 legatos
713 4071 760 4125 ,ad
777 4071 884 4116 Marium
895 4085 923 4116 ae
933 4071 1024 4116 deinde
1034 4071 1055 4115 si
1065 4071 1171 4129 placeat,

113 4153 233 4208 „Romam
259 4153 296 4199 ire
322 4152 421 4199 iassit”.
439 4154 472 4199 Hi
491 4156 611 4212 putantes
629 4167 686 4199 eum
703 4155 792 4201 Uticae
810 4169 866 4201 esse
886 4159 999 4211 ,mature
1017 4156 1048 4200 ad
1066 4155 1172 4200 hiberna

115 4238 299 4292 ,Romanorum
328 4235 448 4294 (Uticam,
476 4251 553 4296 supra
569 4250 593 4296 p.
613 4240 643 4283 62
663 4242 749 4286 annot.
768 4236 792 4293 5)
810 4238 1030 4298 proficiscuntur.”
1048 4239 1097 4285 Sed
1115 4253 1172 4284 cum

113 4335 204 4369 eornm
231 4322 280 4368 iter
305 4322 405 4368 Uticam
434 4325 502 4368 esset
530 4335 576 4380 per
601 4322 782 4370 Mauretaniam
800 4325 1037 4384 septentrionalem,
1055 4338 1100 4385 per
1117 4324 1174 4370 loca
