2916 5062
716 466 753 524 85

202 623 312 682 Iterum
335 623 446 683 Cimbri
467 625 522 684 soli
544 628 608 683 tum
626 625 756 696 fuerunt,
773 644 830 684 non
842 643 911 683 vcro
923 624 1058 695 Teutoni,
1071 625 1122 699 qui
1133 624 1264 699 primum

200 739 303 796 agmen
325 725 458 780 tenentes
480 726 510 781 et
532 723 568 780 ad
589 722 757 797 vagandum
779 724 874 781 multo
896 722 990 796 magis
1012 722 1151 797 propensi
1172 742 1262 797 quam

200 820 248 890 illi,
281 820 519 895 possessionibus
547 821 749 880 Romanorum
777 821 833 880 hoc
854 821 1019 895 periculum
1040 820 1262 891 minitarentur3

201 919 304 976 iterum
327 918 420 993 igitur
440 923 505 977 turn
527 919 637 977 Cimbri
659 939 676 976 a
697 920 839 978 Teutonis
861 939 891 978 se
913 938 1063 994 separasse
1079 918 1261 993 videntur1).

202 1015 386 1075 Provinciam
407 1019 442 1074 ut
463 1020 598 1075 tueretur
615 1017 655 1074 M.
674 1017 778 1075 lunius
797 1017 913 1075 Silanus
932 1036 999 1075 cum
1010 1016 1141 1076 exercitu
1152 1017 1261 1076 aderat.

201 1111 245 1170 Ad
276 1133 344 1172 curn
377 1114 493 1172 barbari
526 1115 669 1173 miserunt
691 1115 742 1190 qui
763 1118 906 1190 peterent,
928 1117 964 1173 ut
985 1114 1096 1190 aliquid
1116 1119 1211 1174 terrae
1233 1119 1263 1174 et

201 1212 279 1270 sedes
302 1211 359 1270 sibi
376 1212 524 1283 darentur,
536 1231 590 1287 pro
603 1212 711 1287 quibus
726 1231 756 1270 se
769 1213 904 1271 manibus
917 1216 1005 1287 atque
1017 1212 1106 1271 armis
1117 1214 1262 1288 populum

199 1309 362 1369 Romanum
389 1310 542 1369 adiuturos
571 1329 634 1369 esse
656 1311 781 1386 polliciti
802 1314 872 1369 sunt
894 1311 926 1384 2).
970 1309 1079 1369 Consul
1100 1330 1131 1369 re
1152 1314 1260 1385 negata

199 1408 273 1467 ultro
307 1428 358 1467 eos
387 1409 509 1468 adortus
530 1408 614 1484 gravi
637 1409 718 1467 clade
740 1409 863 1467 affectus
885 1413 938 1467 est.
982 1408 1098 1466 Silanus
1119 1411 1262 1483 posteaa

198 1505 336 1565 Domitio*
360 1506 439 1581 apud
471 1507 616 1583 populum
649 1511 804 1565 accusatus
838 1510 883 1565 est
914 1507 994 1582 quod
1020 1506 1136 1564 iniussu
1156 1506 1260 1581 populi

195 1603 300 1663 bellum
335 1605 515 1680 suscepisset
545 1605 583 1679 3);
617 1608 740 1680 apparet
771 1605 864 1680 igitur
895 1604 973 1663 hunc
1000 1604 1157 1663 Consulem
1179 1624 1260 1662 arma

198 1705 275 1760 extra
308 1702 490 1777 provinciam
523 1702 627 1761 tulisse
650 1705 680 1761 et
701 1703 839 1762 adortum
861 1722 924 1762 esse
946 1702 1080 1762 Cimbros
1103 1705 1260 1777 antequam

199 1799 226 1856 hi
260 1799 333 1858 fines
368 1801 536 1876 provinciae
568 1801 735 1859 intrassent.
788 1801 862 1860 Post
892 1801 1047 1859 victoriam
1078 1802 1258 1875 reportatam

199 1896 284 1971 legati
306 1897 493 1957 Cimbrorum
515 1899 616 1957 eadem
637 1898 762 1973 petituri
784 1901 919 1957 senatum
941 1898 1077 1956 adierunt
1088 1897 1129 1972 4);
1145 1898 1179 1966 is,
1192 1898 1261 1961 licet

200 1996 327 2054 omnium
350 1996 551 2055 Romanorum
573 1997 686 2055 animos
708 1996 866 2072 trepidatio
887 1997 1064 2067 incessisset,
1087 1996 1176 2054 etiam
1196 2015 1260 2071 pre-

198 2110 240 2152 ces
263 2112 366 2152 eorum
389 2096 562 2168 aspernatus
575 2097 628 2153 est.
655 2094 688 2151 In
701 2113 822 2170 gravem
834 2113 961 2153 errorem
973 2094 1077 2153 incidit
1086 2093 1259 2169 Eutropius

200 2209 261 2250 curn
284 2196 383 2251 narret
405 2193 554 2253 Romanos
575 2194 631 2253 hoc
653 2213 728 2252 anuo
750 2194 905 2252 victoriam
926 2193 1133 2269 reportavisse.

237 2289 351 2348 Iterum
382 2311 435 2366 per
463 2291 576 2366 aliquot
605 2309 696 2350 annos
718 2292 753 2350 de
775 2291 911 2350 hostibus
935 2289 1087 2349 Germanis
1109 2290 1259 2349 silentium

199 2392 240 2446 est
261 2387 341 2463 apud
363 2394 513 2460 auctorem
534 2389 646 2448 interea
668 2410 743 2449 anno
768 2390 839 2450 1070
859 2390 989 2465 primum
1011 2389 1146 2464 Tigurini
1158 2390 1260 2447 contra

196 2482 343 2545 Romanos
375 2491 592 2562 pugnaverunt.
635 2487 770 2562 Tigurini
802 2492 885 2546 erant
916 2506 1011 2563 pagus
1043 2486 1258 2557 Helvetiorum,

196 2581 230 2641 de
261 2586 391 2659 quatuor
422 2604 524 2644 eorum
555 2586 640 2661 pagis
671 2606 749 2645 uuus
770 2586 906 2645 habitans
928 2586 958 2642 in
980 2585 1154 2644 occidentali
1175 2587 1259 2660 parte

195 2678 347 2740 Helvetiae
380 2683 434 2740 sub
466 2683 536 2740 Iura
567 2688 667 2742 monte
698 2684 775 2743 iuter
798 2685 880 2742 lacus
901 2683 1134 2742 Neocomeusem
1155 2685 1185 2740 et
1205 2681 1258 2740 Le·

194 2795 344 2836 mannum.
386 2780 474 2838 Hunc
501 2781 647 2856 populum
669 2781 757 2840 domo
779 2782 881 2850 exisse,
904 2801 920 2838 a
942 2781 1061 2839 civitate
1087 2799 1140 2838 sua
1161 2779 1257 2838 deces-

192 2875 274 2947 sisse,
297 2877 380 2935 aiuut
401 2877 503 2936 Livius
525 2881 555 2936 et
577 2878 683 2937 Caesar
703 2879 735 2953 ὑ).
778 2878 945 2937 Verisimile
967 2881 1012 2937 est
1031 2897 1080 2937 cos
1099 2876 1257 2935 abarbaris

194 2972 356 3050 Germanis
379 2975 557 3050 quibuscum
578 2980 682 3051 postea
704 2996 733 3035 se
757 2977 980 3047 coniunxerunt,
1003 2976 1145 3034 excitatos
1166 2992 1257 3033 novas

193 3072 276 3132 sedes
298 3074 488 3148 quaesivisse.
514 3074 645 3145 Orosius,
668 3075 720 3149 qui
740 3074 861 3133 uberius
879 3093 966 3150 quam
980 3073 1087 3148 reliqui
1097 3073 1255 3147 scriptores

193 3169 277 3229 nobis
308 3173 417 3231 servati
448 3173 483 3231 de
514 3173 559 3231 his
581 3171 669 3231 rebus
691 3174 761 3248 agit,
785 3173 856 3230 dicit
877 3192 927 3232 eos
953 3191 1064 3247 ,usque
1086 3171 1254 3230 Oceanum’'

194 3287 366 3344 progressos
405 3290 487 3342 esse;
526 3270 664 3329 videntur
699 3290 752 3346 per
790 3270 917 3328 mediam
956 3268 1081 3327 Galliam
1119 3267 1254 3327 Meridie·

194 3367 289 3425 nalem
320 3368 400 3426 haud
426 3370 517 3444 ‘longe
550 3389 566 3426 a
597 3368 705 3426 finibus
737 3369 906 3444 provinciae
937 3367 1086 3426 Romanae
1118 3366 1155 3424 ad
1176 3386 1256 3425 mare

130 3479 133 3483 ’
195 3464 381 3525 Occidentale
404 3467 596 3526 contendisse.
623 3467 800 3527 Rhodanum
822 3486 889 3525 cum
911 3465 1118 3536 traduxissent,
1142 3464 1172 3524 C.
1186 3464 1256 3524 Cas-

196 3563 255 3623 sius
286 3565 439 3641 Longinus
471 3565 580 3625 Consul
612 3586 662 3626 eos
693 3567 851 3625 infinibus
873 3565 1070 3640 Allobrogum
1091 3565 1206 3640 excepit
1227 3568 1256 3622 et

195 3662 245 3720 diu
277 3682 327 3722 eos
359 3669 478 3722 secutus
511 3667 564 3735 est,
596 3665 707 3724 scilicet
732 3685 851 3741 operam
874 3665 945 3723 dans
966 3684 1002 3722 ne
1024 3664 1053 3721 in
1074 3663 1255 3738 provinciam

195 3759 356 3819 Romanam
378 3762 530 3820 intrarent.
572 3762 706 3837 Denique
728 3763 757 3819 iu
779 3763 897 3821 iusidias
913 3763 1052 3821 inductus
1070 3761 1179 3820 Consul
1196 3780 1255 3818 una

196 3877 262 3916 cum
282 3859 381 3934 legato
400 3860 506 3919 Pisone
527 3861 591 3919 viro
614 3859 761 3919 consulari
782 3859 896 3929 cecidit,
918 3879 1026 3935 magna
1045 3862 1129 3936 parte
1148 3859 1254 3917 exerci-

191 4030 392 4038 ————

161 4220 165 4229 ι
229 4149 247 4213 'l
265 4159 361 4207 Cimbri
379 4161 428 4207 soli
447 4175 467 4207 a.
488 4153 548 4207 109Ο
564 4162 727 4208 nominantur
745 4176 759 4208 a
776 4161 851 4208 Livio
869 4161 930 4220 epit.
950 4161 988 4217 65,
1001 4160 1132 4219 Eutropio,
1142 4160 1252 4207 Asconio

194 4256 217 4302 p.
237 4248 281 4292 60α
298 4248 324 4292 et
343 4247 394 4292 80².
414 4271 444 4278 -
466 4237 635 4303 9)Ι«“1ον.ΙΠ,
655 4248 678 4302 3,
697 4248 719 4292 3.
740 4271 770 4278 —
791 4237 808 4300 8)
826 4246 918 4292 Ascon.
936 4259 961 4306 p.
980 4247 1031 4292 80⁸.
1051 4269 1080 4278 -
1101 4237 1119 4300 4)
1137 4245 1192 4291 Liv.
1212 4246 1252 4304 65,

195 4331 284 4382 Florus
302 4332 350 4383 l.c.
371 4356 401 4363 —
421 4323 440 4386 ὅ)
457 4331 513 4378 Liv.
532 4345 569 4394 ep.
590 4334 634 4390 953
653 4332 722 4379 Caes.
741 4332 761 4389 I,
781 4333 819 4389 12,
837 4332 860 4379 4.
888 4315 890 4319 ‚
