2916 5062
701 480 757 539 109

194 641 316 700 Catulus
348 641 496 716 particeps
527 641 593 712 suit,
627 660 702 700 anno
736 639 808 698 101⁰
828 639 858 696 in
880 638 998 715 Campis
1020 639 1142 698 Raudiis
1164 635 1259 714 gesta,
1337 708 1340 715 Ι

194 755 289 813 neque
311 739 477 798 Ambrones
499 739 590 797 tuisse
611 754 707 812 neque
729 738 897 808 Teuton0s;
920 737 1039 808 Cimbri,
1063 741 1092 795 et
1105 738 1130 795 ei
1142 737 1261 811 quidem

195 838 249 896 soli
281 857 316 895 ex
347 837 497 912 gentibue,
530 853 604 910 quae
638 836 668 893 in
690 836 779 894 titulo
801 838 1012 905 memorantur,
1035 838 1099 893 tum
1123 856 1139 892 a
1166 835 1259 893 Mario

195 936 233 993 et¹
256 935 362 994 Catulo
384 935 455 993 victi
481 938 559 993 sunt.
582 934 659 992 Hinc
681 933 874 992 derivandum
896 936 940 991 est
963 933 1122 991 secundam
1144 938 1258 1007 partem

192 1033 333 1104 hostium,
356 1049 431 1106 quae
454 1033 491 1090 ad
511 1034 603 1108 Alpes
626 1032 762 1091 Carnicas
785 1035 815 1090 et
836 1031 941 1090 Atesin
962 1031 1071 1089 flumen
1094 1031 1174 1098 abiit,
1194 1050 1260 1090 con·

193 1131 317 1189 tinuisse
350 1131 484 1190 Cimbros
516 1117 604 1200 solos,
637 1130 666 1187 in
695 1149 729 1188 ea
750 1146 845 1202 neque
867 1128 1032 1188 Ambrones
1054 1129 1145 1188 tuisse
1166 1145 1260 1202 neque

192 1228 352 1287 Teutonos,
394 1228 506 1287 Deinde
538 1247 608 1287 vero
639 1239 757 1286 necesse
790 1231 835 1286 est
863 1227 917 1285 hos
945 1229 1074 1302 populos
1105 1227 1197 1286 fuisse
1231 1227 1260 1284 in

193 1327 289 1402 prima
319 1329 404 1401 parte
436 1326 577 1396 hostium,
610 1326 639 1382 in
661 1345 695 1384 ea
716 1329 799 1400 parte
822 1340 881 1398 qua
902 1344 977 1384 anno
1002 1325 1080 1395 102⁰,
1102 1329 1261 1400 postquam

193 1424 231 1482 ad
262 1424 465 1483 Confluentem
498 1442 617 1498 agressa
648 1426 694 1481 est
726 1427 822 1481 castra
852 1423 947 1492 Marii,
981 1423 1016 1480 ab
1050 1442 1084 1481 eo
1107 1422 1210 1481 deinde
1232 1423 1261 1480 in

192 1522 306 1598 proelio
339 1521 376 1579 ad
396 1522 499 1596 Aquas
521 1520 634 1579 Sextias
663 1524 708 1579 est
729 1539 878 1595 oppressa.
921 1520 1008 1590 Quod
1029 1521 1117 1578 etiam
1139 1521 1262 1579 victoria

193 1619 230 1678 de
261 1619 387 1678 Cimbris
419 1621 569 1693 reportata
599 1617 751 1688 tribuitur,
784 1617 815 1675 id
846 1637 905 1677 non
936 1617 1044 1693 probat
1066 1619 1119 1676 hos
1142 1633 1262 1693 quoque

157 1710 161 1718 ’
192 1717 235 1775 ibi
265 1717 410 1787 adfuisse;
442 1717 553 1774 Marius
585 1716 663 1774 enim
683 1716 840 1790 utriusque
861 1716 1003 1775 victoriae
1024 1717 1172 1791 particeps
1194 1716 1260 1774 fuit.

193 1815 257 1872 Iam
279 1834 349 1874 vero
372 1833 439 1872 curn
460 1814 524 1872 fieri
544 1814 626 1872 nullo
647 1814 736 1872 modo
757 1814 862 1889 possit,
891 1814 1143 1888 quemadmodum
1172 1834 1261 1889 supra

193 1912 331 1983 diximus,
362 1917 398 1970 ut
419 1912 513 1970 eidem
534 1911 678 1981 homines,
701 1912 751 1985 qui
773 1911 810 1969 ad
832 1911 1035 1970 Confluentem
1057 1915 1153 1970 castra
1173 1912 1259 1969 Marii

194 2009 408 2084 praeterierint,
441 2010 530 2068 etiam
561 2009 671 2068 fuerint
702 2009 780 2067 inter
810 2028 860 2068 eos
894 2010 944 2081 qui
965 2013 1069 2084 postea
1090 2009 1120 2066 in
1144 2009 1285 2084 Campis·

196 2107 318 2166 Raudiis
346 2108 406 2166 sint
427 2108 508 2178 victi,
531 2107 589 2164 iam
612 2111 728 2166 constat
749 2107 830 2164 illam
851 2107 977 2182 primam
998 2110 1112 2181 partem
1130 2108 1262 2166 hostiurn

196 2225 254 2264 nou
283 2205 538 2281 comprehendisse
561 2204 704 2263 Cimbros
748 2204 806 2263 Sed
827 2224 861 2262 ex
882 2204 937 2262 huc
958 2205 1053 2280 prima
1074 2208 1158 2279 parte
1179 2205 1261 2263 nutlo

196 2304 283 2363 modo
315 2303 403 2362 eximi
433 2306 560 2378 possunt
590 2302 718 2362 Teutoni
750 2306 779 2361 et
810 2301 991 2372 Ambrones,
1015 2301 1120 2360 horum
1142 2303 1261 2377 utrique

197 2401 233 2459 ad
254 2401 457 2460 Confluentem
480 2404 582 2458 contra
605 2400 730 2458 Marium
751 2399 949 2475 pugnaverint
964 2402 993 2457 et
1012 2418 1113 2458 omnes
1125 2404 1261 2471 auctores

197 2499 357 2556 erraverint
388 2517 505 2557 necesse
534 2501 587 2569 est,
610 2498 662 2572 qui
683 2498 738 2556 hoc
760 2500 900 2572 negantes
922 2497 1062 2556 omittant
1084 2498 1260 2556 alterutrum

196 2615 311 2654 nomen.

237 2694 406 2753 Secundum
434 2694 637 2753 testimonium
666 2693 867 2751 firmissimum
888 2693 965 2752 inest
985 2694 1015 2751 in
1038 2714 1072 2753 eo
1093 2696 1159 2753 loco
1180 2694 1261 2753 Flori

198 2810 286 2868 supra
307 2793 366 2850 iam
387 2793 517 2863 laudate,
539 2791 591 2852 ubi
612 2793 637 2850 is
659 2792 722 2866 agit
743 2791 778 2849 de
790 2791 913 2849 interitu
924 2793 1028 2850 tertiae
1039 2793 1141 2867 partis,
1154 2793 1260 2851 Florus

198 2909 231 2948 eo
252 2892 318 2950 loco
340 2890 447 2948 diserte
470 2890 541 2948 dicit
562 2890 615 2948 hos
637 2888 914 2963 suisseTigurinos:
935 2890 1040 2960 ,tertia
1051 2890 1262 2966 Tigurinorum

122 2986 125 2993 ’
201 3007 330 3059 ,manus
365 3007 440 3062 quae
472 2987 557 3061 quasi
588 2987 616 3044 in
650 2986 783 3045 subsidio
817 2986 938 3046 Noricos
966 2987 1114 3046 insederat
1137 2988 1260 3063 Alpium

201 3087 358 3156 ,tumulos
391 3085 421 3142 in
443 3085 558 3143 diversa
578 3084 653 3158 lapsi
676 3129 682 3141 .
707 3129 713 3141 .
735 3129 741 3142 .
766 3085 905 3142 evanuit”
929 3084 960 3157 1).
995 3085 1060 3143 Hoc
1081 3085 1174 3160 igitur
1195 3105 1261 3145 con·

199 3187 272 3242 stat:
295 3183 324 3240 in
341 3185 444 3258 prima
464 3187 549 3258 parte
569 3182 710 3252 hostium,
733 3198 808 3256 quae
827 3182 864 3239 ad
882 3181 984 3255 Aquas
997 3182 1110 3242 Sextias
1122 3202 1263 3259 oppressa

198 3285 250 3352 est,
272 3282 394 3339 suerunt
415 3279 541 3339 Teutoni
563 3284 593 3338 et
613 3279 780 3338 Ambrones
802 3279 972 3354 (Toygenos
990 3279 1035 3338 his
1048 3281 1263 3340 exconiectura·

197 3377 302 3436 addere
324 3379 512 3452 possumus);
538 3377 567 3434 in
588 3378 714 3435 secunda
734 3381 818 3451 parte
840 3377 980 3448 bostium,
1003 3394 1078 3452 quae
1100 3378 1136 3435 ad
1157 3378 1261 3437 Atesin

198 3475 337 3534 Catulum
369 3475 563 3551 oppugnavit,
595 3475 717 3533 fuerunt
749 3474 873 3544 Cimbri;
905 3475 933 3532 in
963 3477 1049 3533 tertia
1076 3479 1160 3551 parte
1181 3495 1260 3547 vere,

198 3591 273 3648 quae
295 3573 325 3630 in
346 3573 455 3633 Norico
477 3573 597 3644 interiit,
620 3572 741 3630 fuerunt
762 3572 905 3646 Tigurini.

237 3671 285 3729 Ab
317 3671 372 3730 hac
404 3671 549 3729 sententia
580 3670 651 3728 satis
683 3669 808 3745 probata
835 3670 965 3745 primum
994 3690 1061 3729 cum
1083 3672 1179 3746 specie
1201 3671 1262 3730 veri

198 3769 374 3828 contendere
406 3769 552 3844 quispiam
583 3768 679 3844 possit
710 3769 844 3826 aberrare
877 3768 970 3827 videri
998 3768 1171 3827 Strabonem
1200 3771 1261 3828 sive

198 3867 400 3938 Posidonium,
433 3886 500 3924 cum
529 3866 608 3925 dicat
629 3866 663 3940 2),
691 3866 818 3924 Marium
839 3866 1004 3942 praemium
1026 3866 1139 3925 dedisse
1160 3868 1261 3925 Massi-

198 3965 339 4024 liensibus
360 3973 482 4040 propter
502 3965 605 4022 laudes
626 3964 656 4022 in
677 3963 754 4023 bello
774 3964 1052 4023 contraAmbrones
1064 3964 1261 4041 etToygenos

198 4063 334 4133 meritas3
356 4083 424 4120 nam
445 4063 516 4121 haec
538 4061 627 4121 verba
649 4061 673 4120 si
694 4062 863 4121 referuntur
884 4062 922 4120 ad
942 4063 1061 4134 bellum,
1084 4063 1165 4136 quod
1186 4081 1261 4121 anno

235 4320 253 4382 ¹)
271 4327 339 4372 Flor.
358 4326 404 4384 III,
423 4328 446 4384 3,
466 4328 505 4373 18.
525 4352 554 4360 -
576 4318 593 4382 Ξ)
612 4328 681 4374 Loco
700 4327 897 4388 supralaudato
915 4341 940 4388 p.
960 4329 1007 4374 104
1026 4329 1111 4374 adnot.
1131 4330 1153 4376 1.
