2916 5062
707 479 746 537 76

195 634 415 716 11111111111111115,
437 638 572 697 nimbum
593 639 721 697 telorum
742 637 891 709 hostium;
914 638 980 696 dein
1002 641 1103 697 narrat
1114 640 1263 698 Romanos

196 756 255 796 non
277 738 349 796 bene
370 738 483 796 locatos
505 736 607 807 fuisse,
629 741 665 795 ut
685 735 821 795 hostibus
842 736 954 794 nullius
975 736 1085 796 laboris
1108 741 1186 796 esset
1207 757 1265 795 me·

197 835 274 892 diam
297 835 389 893 aciem
409 833 624 910 perrumpere).

237 933 267 991 0.
290 930 342 1003 98,
365 930 395 1004 3,
418 952 460 1008 sq.
496 932 608 991 Marius
632 952 699 991 cum
721 932 782 990 suis
805 932 879 991 duos
899 932 988 990 colles
1006 933 1083 991 inter
1101 952 1131 991 se
1146 933 1265 1009 propin-

195 1050 270 1106 quos
303 1035 439 1106 occupat,
472 1049 598 1106 quorum
632 1031 662 1088 in
694 1032 795 1100 altero,
828 1030 934 1088 humili
965 1033 995 1088 et
1026 1050 1133 1105 parum
1154 1032 1263 1106 amplo,

194 1130 261 1188 fons
284 1150 377 1205 aquae
399 1148 525 1204 magnus
548 1133 619 1200 erat,
642 1130 721 1187 hunc
743 1129 856 1187 Sullam
879 1148 947 1187 eum
969 1129 1106 1204 equitatu
1118 1149 1265 1204 occupare

195 1221 287 1298 iubet,
309 1228 339 1285 in
361 1228 462 1298 altero,
486 1227 608 1285 editiore
631 1231 660 1286 et
681 1228 801 1298 tutiore,
823 1226 974 1302 peditibus
998 1227 1157 1286 consistere
1172 1228 1265 1302 impe·

195 1328 250 1395 rat,
272 1326 335 1400 ipse
358 1324 413 1382 sub
434 1326 491 1383 hoc
513 1325 572 1384 imo
595 1325 677 1395 colle,
701 1325 770 1382 dum
793 1344 894 1383 omnes
917 1343 948 1383 se
970 1324 1266 1396 contrahantmora·

195 1426 260 1480 tur:
286 1422 452 1498 „dispersos
475 1423 613 1493 milites'’,
636 1423 678 1481 ait
699 1422 867 1494 Sallustius
892 1467 926 1493 ,,.
950 1469 955 1481 .
980 1467 986 1480 .
1010 1468 1016 1480 .
1039 1425 1265 1483 111111111ωο01-

199 1518 335 1591 „trahit'’‚
360 1524 391 1578 et
412 1521 500 1596 pleno
522 1521 619 1595 gradu
640 1520 670 1578 in
692 1521 801 1579 clivum
823 1519 971 1580 subducit.
1015 1521 1159 1594 (Orosius,
1182 1522 1266 1580 nulla

196 1618 315 1676 collium
348 1617 496 1676 mentione
528 1619 644 1689 iniecta,
671 1621 770 1676 tamen
791 1620 891 1677 narret
914 1619 949 1692 1):
975 1626 1098 1690 „coactos
1117 1621 1150 1677 in
1171 1639 1265 1677 uncam

200 1715 364 1786 „Romanos
396 1716 510 1790 pedites
545 1717 688 1775 densari'’.
730 1716 770 1775 Et
797 1717 924 1774 lilerium
952 1735 1071 1792 quoque
1092 1736 1161 1776 mox
1183 1717 1266 1793 apud

195 1833 263 1872 eum
294 1833 353 1872 non
384 1814 442 1871 iam
475 1815 506 1871 in
538 1833 651 1890 campe,
684 1815 735 1874 sed
766 1815 796 1872 in
825 1815 899 1874 colle
922 1834 984 1873 esse
1006 1818 1129 1891 apparet
1151 1835 1186 1873 ex
1208 1815 1264 1886 his,

196 1928 271 1986 quae
303 1912 338 1970 de
369 1912 458 1971 tertio
490 1913 596 1987 proelii
627 1913 673 1970 die
701 1913 834 1988 prodidit
854 1913 893 1986 2);
925 1913 1052 1984 „Marius
1074 1914 1213 1990 prorupit
1234 1913 1266 1971 in

199 2011 293 2080 „vallo
315 2029 469 2086 campoque
490 2030 552 2068 sese
575 2010 663 2069 simul
685 2014 715 2068 et
735 2010 848 2085 proelio
871 2010 993 2084 decio).

236 2107 266 2165 O.
289 2104 341 2178 98,
363 2104 393 2165 5.
435 2107 542 2182 Itaque
564 2108 691 2167 Romani
713 2109 816 2167 castris
837 2108 867 2165 in
889 2109 1031 2183 ampliore
1041 2109 1159 2169 tumulo
1171 2110 1264 2169 collo-

195 2204 277 2274 catis,
299 2204 425 2280 primam
446 2208 563 2264 noctem
584 2205 613 2262 in
636 2205 677 2264 eis
700 2205 824 2264 collibus
847 2206 968 2281 degunt,
995 2207 1112 2277 „hostes
1132 2210 1264 2280 utroque

198 2303 287 2373 „colle
321 2303 511 2361 multitudine
541 2304 723 2362 circumdato
746 2305 831 2362 effusi
853 2305 1038 2363 consedere.”
1071 2305 1147 2363 Dein
1169 2306 1264 2364 Sallu-

196 2400 270 2458 stius
300 2401 342 2457 ita
367 2401 427 2458 fere
457 2420 573 2459 narrare
594 2402 708 2476 pergit:
730 2401 842 2460 Marius
864 2403 914 2460 illa
935 2407 1021 2461 nocte
1043 2407 1078 2461 ut
1098 2403 1200 2462 hostes
1222 2405 1265 2462 in-

195 2502 297 2557 cautos
318 2499 455 2557 redderet
476 2515 565 2573 quam
586 2499 748 2558 maximum
770 2500 920 2558 silentium
941 2500 1042 2559 haberi
1060 2500 1143 2559 iubet
1154 2505 1194 2573 et,
1210 2502 1264 2560 ubi

190 2596 297 2666 illuxit,
320 2596 456 2655 omnibus
478 2597 605 2655 classicis
629 2597 812 2667 canentibus
836 2598 935 2656 subite
956 2599 1112 2674 eruptione
1123 2599 1263 2659 hostibus

194 2713 228 2752 ex
249 2694 410 2769 improviso
432 2695 589 2769 oppressis,
612 2694 718 2753 collem
738 2694 867 2769 reliquit.
910 2695 945 2752 Id
966 2715 1025 2754 non
1047 2697 1144 2754 solum
1168 2733 1203 2741 —
1227 2703 1264 2757 ut

194 2811 285 2867 supra
316 2793 503 2868 disputatum
533 2795 587 2862 est,
622 2826 658 2834 —
691 2813 707 2850 a
739 2792 879 2851 Sallustio
912 2794 1003 2852 stulte
1032 2799 1184 2853 narratum
1207 2802 1263 2869 est,

194 2890 307 2948 accedit
339 2891 434 2949 exitus
467 2906 594 2965 quoque,
618 2890 669 2964 qui
689 2891 776 2964 longe
798 2891 873 2949 alius
894 2891 952 2950 fuit
973 2896 1062 2966 atque
1083 2893 1107 2950 is
1129 2894 1263 2954 tradidit.

193 2988 319 3047 Romani
352 2988 401 3047 illo
434 2988 479 3046 die
511 3008 564 3063 per
595 2987 707 3047 medios
740 2989 850 3059 hostes,
882 2990 934 3062 qui
955 2990 1035 3064 ipsos
1057 2991 1087 3048 in
1108 2991 1263 3053 obsidione

193 3086 343 3156 tenebant,
372 3092 563 3161 perrumpere
589 3086 701 3144 frustra
723 3087 821 3144 conati
843 3090 925 3157 sunt;
948 3087 989 3146 eis
1010 3089 1137 3164 repulsis
1158 3090 1262 3165 iniquo
1280 3165 1282 3170 Ι

193 3184 257 3242 loco
290 3183 417 3243 obsessis
451 3189 481 3242 et
513 3184 720 3243 circumventis
753 3185 842 3242 etiam
870 3185 1026 3260 insequens
1048 3205 1106 3244 nox
1128 3187 1263 3263 degenda

194 3285 265 3341 erat.
308 3282 442 3358 Apparet
473 3301 507 3340 ex
540 3281 644 3341 Oresio
673 3281 696 3354 3)
729 3282 848 3352 „eadem
873 3286 993 3357 postera
1021 3283 1067 3342 die
1089 3288 1119 3343 et
1140 3285 1210 3344 belli
1232 3289 1263 3346 et

197 3381 336 3455 „periculi
366 3381 472 3439 facies:
505 3399 658 3456 erumpere
690 3381 720 3437 in
748 3381 864 3439 hostem
893 3382 1028 3455 quamvis
1050 3383 1153 3441 stricto
1175 3385 1260 3444 miles

197 3478 311 3553 „gladio
332 3497 391 3536 non
412 3478 531 3536 valebat
552 3523 558 3534 .
583 3524 588 3536 .
612 3525 618 3537 .
642 3524 648 3536 .
671 3479 730 3536 iam
750 3479 839 3536 tertia
861 3479 906 3537 die
925 3480 1041 3538 nullum
1051 3481 1259 3556 undecumque

197 3576 397 3650 „suffragium
423 3576 486 3634 dira
503 3575 634 3650 undique
657 3578 760 3635 mortis
782 3561 871 3635 facies
894 3577 1106 3637 obiciebatur'’.

234 3673 311 3743 Quid
333 3674 368 3732 de
390 3673 472 3732 Sulla
493 3673 727 3732 Commentarios
750 3675 951 3734 conscribent-e
974 3677 1165 3750 cogitandum
1187 3682 1256 3739 est?

192 3773 314 3830 illumne
336 3772 414 3830 illius
436 3771 493 3831 diei
515 3776 545 3830 et
565 3773 660 3831 noctis
675 3773 778 3847 plenae
789 3775 887 3831 metus
899 3776 929 3832 et
939 3774 1140 3849 periculorum
1156 3777 1257 3837 imme·

193 3879 304 3928 morem
332 3870 449 3929 luisse?
479 3891 515 3928 an
536 3890 642 3945 operae
663 3871 793 3945 pretium
814 3890 873 3929 non
894 3871 1021 3943 duxisse,
1043 3876 1079 3932 ut
1100 3874 1257 3950 diligenter

193 3987 226 4026 ae
248 3987 315 4026 vere
337 3968 372 4026 de
401 3988 436 4026 ea
456 3988 487 4027 re
509 3968 643 4027 diceret?
665 3968 717 4027 sed
737 3988 837 4027 rerum
858 3969 931 4028 bene
953 3974 1105 4044 gestarum
1127 3976 1254 4046 tantum,

229 4333 246 4396 ¹)
265 4343 337 4392 cros.
355 4344 383 4412 v,
401 4345 439 4403 15,
460 4345 498 4402 12.
518 4369 548 4377 -
569 4335 587 4399 ρ1
606 4342 619 4400 s
639 4346 676 4391 11.
696 4371 727 4379 -
748 4337 766 4400 ³)
785 4344 798 4401 s·
817 4343 830 4402 s
850 4348 880 4394 13
898 4349 924 4403 er
943 4349 980 4406 11.
1001 4369 1031 4383 -
