2916 5062
787 428 825 486 24

275 585 364 669 ,ἀλλ’
389 587 496 658 αὐτοῖς
527 585 814 668 connuncupatam?
835 597 866 670 1).
919 596 977 654 Sed
998 595 1070 653 nihil
1092 596 1121 653 in
1143 616 1176 654 ea
1197 615 1228 653 re
1250 596 1339 665 inest,

270 716 323 755 cur
352 713 531 769 magnopere
563 713 631 753 eum
661 694 835 766 laudemus;
867 693 948 770 quod
978 694 1142 768 potentiam
1173 693 1281 752 abiecit
1301 696 1339 752 ut

269 795 399 870 primum
427 792 556 867 explevit
576 793 707 851 animum
728 793 859 863 ultionis,
881 792 989 867 probat
1010 811 1078 849 eum
1100 793 1181 850 nullo
1203 792 1260 850 alio
1283 793 1339 850 sti·

270 892 351 950 mulo
373 910 437 948 eam
458 891 622 965 potentiam
644 891 824 965 appetivisse
846 910 935 966 qnam
956 890 1078 948 ultionis
1101 889 1253 948 desiderio.

310 989 405 1048 Breve
436 988 578 1063 temporis
610 989 740 1064 spatium
773 989 854 1065 quod
885 988 994 1058 Sullae,
1022 987 1164 1046 Puteolos
1185 988 1215 1044 in
1236 987 1340 1046 villam

270 1087 413 1163 profecto,
434 1085 575 1156 restabat,
598 1087 745 1145 conteruit
765 1087 795 1144 in
816 1086 986 1145 domesticis
1006 1084 1190 1160 privatisque
1207 1085 1338 1160 negotiis

271 1188 301 1244 et
331 1184 546 1260 voluptatibus.
587 1183 730 1243 Venando
763 1188 793 1243 et
812 1183 954 1259 piscando
976 1186 1095 1258 tempus
1118 1183 1218 1254 toruit,
1240 1203 1338 1258 neque

270 1283 369 1341 minus
390 1282 514 1356 legendo
536 1284 566 1340 et
588 1281 750 1341 scribendo.
793 1281 987 1352 Bibliotheca,
1010 1300 1069 1356 qua
1091 1280 1201 1352 Cicero,
1223 1281 1338 1340 Fausto

271 1381 370 1439 Sullae
400 1380 461 1438 filio
489 1399 554 1439 earn
581 1380 760 1455 possidente,
782 1379 890 1455 viginti
911 1383 1043 1455 quatuor
1064 1379 1146 1437 annis
1168 1381 1246 1453 post,
1269 1398 1339 1437 cum

271 1479 301 1536 in
332 1478 496 1536 Puteolano
528 1480 703 1549 versaretur,
733 1478 862 1536 maximo
884 1496 971 1553 opere
994 1476 1196 1536 delectabatur
1217 1475 1252 1549 2),
1275 1476 1339 1535 sine

271 1576 333 1634 ullo
365 1575 455 1634 dubio
486 1576 545 1633 iam
575 1575 632 1633 hoc
663 1578 797 1650 ternpore
829 1596 846 1634 a
877 1575 959 1634 Sulla
987 1573 1131 1633 dictatore
1153 1574 1260 1633 collata
1281 1578 1338 1634 est.

272 1673 446 1733 Studiorum
481 1674 596 1731 linctus
635 1676 698 1731 erat
732 1692 817 1749 opus
856 1673 936 1749 quod
972 1673 1178 1748 imperfectum
1216 1672 1340 1748 reliquit

276 1771 521 1844 ,CommentariP
550 1771 735 1847 inscriptum,
768 1773 829 1831 sive
864 1771 950 1843 „libri
977 1770 1341 1846 1·erumgesta1um”vcl

276 1873 446 1941 ,suarum'’;
479 1870 507 1926 in
540 1888 600 1944 quo
632 1869 786 1928 scribendo
818 1868 848 1927 id
879 1869 949 1943 egit,
985 1872 1019 1927 ut
1050 1868 1079 1926 in
1112 1868 1279 1944 aequalium
1308 1871 1341 1927 et

272 1970 459 2043 posterorum
492 1967 690 2038 commodum,
719 1987 767 2026 eas
795 1985 851 2038 res
874 1986 949 2043 quae
971 1967 1008 2024 ad
1029 1967 1128 2042 ipsum
1148 1966 1338 2041 pertinebant

272 2084 407 2140 quaeque
438 2065 496 2139 ipsi
527 2065 582 2123 soli
603 2065 714 2140 optime
736 2066 871 2140 cognitae
893 2068 985 2135 erant,
1007 2065 1166 2124 memoriae
1186 2064 1336 2139 proderet.

272 2162 321 2220 Ad
352 2161 448 2220 XXIIi
474 2161 546 2219 libri
577 2162 665 2220 finem
692 2163 835 2238 pervenit,
865 2163 953 2221 simul
974 2165 1067 2221 totam
1089 2162 1149 2220 sere
1172 2162 1336 2233 materiam,

274 2279 363 2335 qnam
385 2259 441 2318 sibi
461 2258 567 2318 litteris
579 2261 812 2335 persequendam
824 2263 1028 2337 proposuerat,
1041 2262 1203 2336 amplexus.
1224 2260 1338 2318 Rerum

274 2378 349 2434 quae
378 2360 551 2432 supererant
571 2358 694 2417 materia
715 2359 772 2416 iam
795 2359 830 2416 ab
853 2378 887 2417 eo
908 2360 1033 2418 fortasse
1056 2359 1163 2418 collata
1184 2362 1213 2416 et
1233 2361 1339 2435 parata

274 2459 346 2514 erat.
399 2455 600 2514 Conscribenti
638 2456 663 2514 ei
702 2456 820 2515 adiutor
858 2457 967 2531 obtigit
1005 2456 1156 2516 Cornelius
1188 2456 1338 2532 Epicadus

274 2553 429 2612 libertinus
461 2553 532 2624 eius,
566 2554 617 2629 qui
644 2558 803 2630 postquam
833 2556 944 2615 calator
965 2556 994 2612 in
1016 2554 1180 2613 sacerdotio
1203 2554 1340 2629 augurali

274 2651 341 2722 fuit,
364 2651 425 2710 sine
447 2650 537 2709 dubio
559 2671 626 2710 eum
648 2652 789 2711 Puteolos
812 2653 970 2712 comitatus
993 2655 1046 2711 est.
1084 2651 1168 2711 Idem
1189 2651 1339 2727 Epicadus

275 2749 486 2824 grammaticus
510 2753 582 2820 erat,
596 2751 690 2809 'cuius
712 2750 780 2808 libri
804 2751 856 2822 ,de
877 2750 1000 2809 Matris'
1023 2754 1052 2808 et
1077 2750 1129 2822 ,de
1152 2750 1340 2825 Oognonrini·
1399 2770 1401 2773 ¹

275 2848 349 2906 bus’'
372 2850 574 2905 memorantur
594 2848 618 2921 3)
648 2852 677 2906 et
699 2849 750 2924 qui
771 2848 854 2907 Sulla
874 2851 993 2907 mortuo
1014 2848 1123 2906 librum
1144 2849 1340 2908 novissimum

276 2965 363 3021 quom
385 2945 432 3003 hic
453 2945 661 3020 imperfectum
681 2946 842 3021 reliquerat
863 2946 1014 3021 supplevit
1034 2946 1068 3020 4).

316 3043 384 3101 Alia
414 3061 460 3101 res
492 3043 639 3113 dictatori,
671 3043 804 3102 Puteolis
836 3044 975 3115 versanti,
1004 3045 1129 3103 maxime
1158 3045 1239 3103 cordi
1267 3048 1339 3104 erat.

276 3140 498 3202 Dedicationem
520 3140 667 3215 Capitolii,
689 3140 778 3216 quod,
800 3153 960 3217 postquam
982 3161 1056 3200 anno
1073 3142 1125 3200 83⁰
1138 3143 1341 3217 conflagravit,

275 3240 302 3298 ei
323 3236 476 3314 tamquam
501 3239 648 3310 ,curatori
666 3238 848 3314 Capitolinae
870 3240 949 3298 aedis
972 3240 1164 3299 reficiendae''
1186 3241 1341 3300 restituen-

275 3337 346 3395 dum
377 3337 550 3396 mandatum
582 3340 628 3396 est
654 3337 689 3411 5),
722 3357 752 3397 se
783 3358 852 3397 mox
883 3339 1086 3414 perfecturum
1118 3358 1181 3398 esse
1203 3340 1342 3414 speravit.

275 3436 405 3494 Narrant
436 3440 536 3494 autern
566 3435 744 3495 desiderium
772 3436 892 3495 videndi
912 3437 1059 3512 templum
1080 3456 1097 3494 a
1118 3456 1148 3496 se
1169 3437 1344 3496 restitutum

277 3534 496 3610 quodammodo
526 3553 646 3592 causam
667 3535 771 3593 mortis
792 3535 891 3593 fnisse.
913 3533 1050 3593 Valerius
1071 3535 1218 3594 Maximus
1240 3539 1345 3595 auctor

277 3635 331 3703 est,
354 3632 603 3691 vehementiorem
625 3632 714 3690 animi
736 3636 766 3691 et
787 3634 918 3708 corporis
939 3636 1064 3704 motum,
1087 3634 1148 3708 qui,
1171 3653 1239 3692 curn
1261 3633 1344 3692 Sulla

312 3871 330 3934 1)
347 3879 411 3938 App.
434 3880 463 3925 B.
482 3879 507 3926 0.
526 3880 546 3925 1.
566 3881 621 3926 103.
641 3905 672 3912 -
702 3870 720 3934 Ω)
739 3879 788 3926 Oic.
808 3880 839 3925 ad
857 3880 909 3926 Att.
927 3880 968 3936 IV,
988 3881 1027 3936 10,
1048 3880 1068 3925 1.
1089 3904 1119 3911 -
1140 3870 1158 3933 ³)
1178 3879 1227 3925 Ofr.
1247 3880 1344 3926 Teuffel

275 3979 299 4024 p.
319 3965 374 4010 263.
403 3988 433 3995 —
463 3954 482 4017 ⁴)
501 3964 568 4010 Suet.
588 3965 619 4009 de
638 3965 749 4011 Gramm.
769 3966 798 4010 12
820 3964 928 4020 „librum
945 3977 1021 4023 quem
1038 3964 1108 4010 Sulla
1124 3964 1293 4010 novissimum
1313 3965 1344 4010 de

277 4049 353 4095 rebus
379 4047 433 4094 suis
460 4049 637 4108 imperfectum
663 4049 808 4108 reliquerat,
835 4048 890 4108 ipse
917 4047 1070 4108 supplevit’.
1098 4074 1128 4081 -
1157 4039 1176 4102 ⁵)
1202 4049 1259 4094 Tac.
1277 4049 1344 4095 Hist.

273 4119 323 4189 ΠΙ,
350 4134 379 4179 Ἷ2
408 4133 514 4188 „Curam
540 4133 624 4179 victor
649 4134 716 4180 Sulla
743 4135 863 4194 suscepit,
888 4147 969 4193 neque
993 4137 1078 4180 temen
1105 4131 1260 4189 dedicavit”;
1279 4133 1344 4179 Plin.

276 4219 331 4276 VII,
359 4220 405 4264 138
413 4233 419 4275 ;
449 4219 516 4265 Plut.
534 4219 605 4277 Popl.
626 4220 672 4276 153
691 4219 754 4266 Plin.
771 4221 879 4277 XXXVI,
898 4221 941 4280 453
961 4220 1006 4267 cfr·
1024 4219 1120 4269 Jordan
1138 4219 1246 4282 Topogr.
1266 4219 1289 4268 d.
1308 4219 1343 4270 St.

278 4305 350 4352 Rom.
368 4304 388 4360 1,
407 4306 429 4362 2,
447 4319 472 4367 p.
491 4306 522 4352 21
541 4304 599 4351 adu.
616 4305 654 4354 18.
