2916 5062
701 521 756 580 123

235 682 279 740 De
308 682 415 740 affectu
437 697 525 754 quem
546 681 576 737 in
597 680 791 740 barbarorum
813 681 926 741 animos
949 699 1073 757 corpora
1094 699 1191 738 mores
1213 681 1263 738 ha·

196 779 324 836 buerunt
357 778 482 837 dulcedo
517 777 601 848 aeria,
633 797 727 852 genus
759 798 869 837 novum
902 779 979 837 vitae
1013 794 1072 852 quo
1104 779 1133 835 in
1167 776 1264 836 (tallia

196 876 404 951 Transpadana
434 876 479 934 uti
511 878 680 951 coeperunt,
713 895 786 934 usus
817 876 911 951 panis,
942 875 1036 934 carnis
1059 878 1168 943 coctae,
1191 875 1261 946 vini,

195 975 412 1033 habitationum
433 977 589 1044 tectarum,
611 974 808 1045 lavacrorum,
831 977 924 1049 agunt
945 973 1052 1032 Florus
1070 974 1102 1047 1),
1125 972 1182 1031 Dio
1195 973 1262 1032 Oas—
1329 1029 1332 1036 .

196 1073 255 1131 sius
278 1073 311 1146 2),
345 1072 466 1130 Orosius
488 1072 521 1145 3),
553 1073 595 1130 ita
625 1075 661 1130 ut
691 1073 801 1147 partim
834 1071 980 1146 (inprimis
1012 1072 1119 1129 Florus
1142 1075 1171 1129 et
1192 1071 1263 1144 Dio)

196 1170 304 1228 eisdem
326 1170 477 1229 vocabulis
499 1173 632 1238 utantur,
655 1169 734 1243 quod
756 1170 863 1228 iterum
886 1170 1003 1245 probat,
1025 1169 1152 1226 Dionem
1163 1167 1193 1224 in
1205 1167 1259 1226 hac

194 1272 278 1343 parte
299 1268 418 1324 minime
441 1268 568 1324 alienum
590 1286 653 1325 asse
675 1287 692 1324 a
713 1267 871 1325 traditione
894 1266 1052 1325 communi.
1081 1264 1260 1322 Plutarchus

194 1365 266 1423 hacc
287 1365 395 1423 omisit.
437 1364 467 1422 Is
489 1365 570 1422 solus
592 1365 736 1438 quaedam
757 1368 857 1422 narrat
879 1364 914 1422 de
935 1363 1082 1438 legatione
1101 1383 1118 1420 a
1135 1361 1261 1420 Cimbris

195 1462 231 1520 ad
261 1463 388 1520 Marium
420 1462 518 1532 missa,
547 1463 609 1535 'qua
639 1462 670 1519 hi
701 1463 831 1538 primum
865 1464 1068 1536 cognoverunt
1096 1460 1260 1530 Teutonos

194 1562 300 1618 fratres
322 1579 401 1630 suaa,
424 1579 487 1618 esse
510 1559 632 1617 deletos

234 1659 313 1716 Plut.
337 1677 398 1733 cap.
422 1654 472 1715 25.
515 1656 580 1726 Quo
612 1656 779 1715 uberiorem
811 1657 1008 1715 nanciscimur
1035 1656 1197 1725 materiem,
1225 1673 1259 1713 eo

194 1756 291 1813 minus
312 1755 510 1813 necessarium
532 1758 586 1823 est,
615 1755 714 1812 omnia
735 1755 892 1829 diligenter
912 1755 1058 1830 persequi.
1081 1753 1260 1812 Plutarchus

195 1855 274 1912 solus
306 1855 452 1911 memorat
482 1852 542 1927 pila
573 1852 706 1910 Romana
728 1872 743 1909 a
765 1851 858 1910 Mario
880 1852 936 1911 hoc
958 1855 1091 1926 tempore
1113 1852 1150 1908 ad
1171 1870 1258 1909 usum

193 1950 331 2009 bellicum
353 1950 468 2025 aptiora
488 1950 575 2008 facta.
614 1949 836 2008 Provocationis
859 1950 896 2006 ad
916 1968 1057 2024 pugnam,
1080 1970 1097 2006 a
1118 1948 1257 2022 Boiorige

193 2049 287 2106 llario
318 2048 443 2114 oblatae,
476 2050 505 2106 et
527 2047 584 2104 diei
606 2050 636 2105 et
656 2047 714 2105 loci
734 2047 847 2121 proelio
870 2047 1033 2116 constituti,
1056 2065 1131 2122 quae
1153 2066 1170 2102 a
1191 2046 1258 2103 Plu-

193 2146 295 2204 tarcho
328 2148 537 2214 memorantur,
569 2144 658 2203 etiam
686 2144 792 2203 Florus
815 2144 937 2215 (omisso
958 2144 1075 2202 nomine
1097 2141 1260 2217 Boiorigis)

192 2244 371 2302 mentionem
392 2243 462 2301 fecit
482 2244 506 2316 ¹²)
529 2246 559 2301 at
581 2242 702 2302 Orosius
725 2262 788 2300 eam
809 2261 872 2300 rem
892 2243 990 2316 tangit
1010 2242 1044 2317 ⁵).
1080 2241 1259 2300 Plutarchus

193 2342 222 2397 in
243 2359 344 2415 pugna
366 2339 556 2398 describenda
578 2340 734 2415 diligenter
756 2340 890 2397 adhibuit
903 2338 1136 2399 Commentarios
1150 2338 1259 2408 Sullae,

193 2443 227 2496 ut
247 2440 310 2513 ipse
332 2437 412 2507 dicit,
435 2438 486 2497 sed
507 2438 626 2496 minime
648 2441 747 2496 tamen
768 2437 887 2496 Livium
909 2438 1048 2509 deseruit,
1071 2457 1086 2495 e
1108 2455 1167 2512 quo
1189 2455 1256 2494 eum

192 2536 341 2611 permulta
372 2537 461 2594 etiam
492 2536 625 2594 hausisse
657 2555 725 2594 mox
757 2537 920 2612 apparebit.
964 2536 1038 2594 Cum
1066 2535 1147 2594 nulla
1172 2535 1259 2608 plena

192 2653 310 2709 pugnae
332 2634 490 2708 descriptio
513 2654 527 2692 e
549 2635 633 2692 Livio
656 2638 776 2710 sumpta
796 2635 881 2693 nobis
903 2631 1028 2709 servata
1040 2634 1088 2703 sit,
1100 2632 1171 2708 quid
1182 2632 1260 2689 inter

192 2733 309 2790 Livium
332 2735 362 2790 et
383 2732 495 2790 Sullam
516 2733 684 2791 interfuerit
705 2732 906 2792 demonstrare
928 2751 986 2790 non
1007 2750 1175 2806 possmnus
1199 2729 1258 2787 Res

192 2830 350 2888 nonnullae
381 2829 418 2886 ad
450 2829 571 2887 consilia
601 2830 814 2905 imperatorum
843 2831 1045 2890 Romanorum
1066 2829 1257 2903 pertinentes

192 2947 268 3002 quae
300 2948 317 2985 a
347 2927 505 2986 traditione
537 2926 659 2986 Liviana
684 2931 853 3003 supersunt,
887 2947 945 2987 non
967 2929 1038 2986 item
1060 2947 1077 2984 a
1097 2925 1258 2984 Plutarcho

191 3025 376 3095 referuntur3
398 3025 439 3082 sic
460 3025 621 3083 Frontinus
643 3029 743 3084 monet
766 3025 799 3097 6’),
821 3026 971 3084 Romanos
993 3025 1035 3083 ita
1047 3025 1138 3082 aciem
1149 3023 1257 3080 instru-

191 3124 268 3181 risse
299 3126 335 3182 ut
366 3123 478 3198 aliquid
508 3122 565 3180 iter
585 3122 721 3181 hostibus
742 3123 909 3181 faciendum
930 3127 1016 3193 esset,
1039 3141 1098 3198 quo
1119 3122 1203 3179 fieret
1223 3123 1260 3178 ut

191 3221 222 3278 hi
243 3221 314 3279 fassi
335 3220 371 3278 ad
392 3220 538 3294 proelium
560 3221 746 3291 advenirent3
769 3220 891 3279 Orosius
914 3221 946 3294 7),
968 3221 1074 3279 Florus
1087 3220 1120 3293 ⁸),
1142 3217 1257 3276 Fronti-

192 3339 247 3377 nus
270 3319 293 3392 9)
325 3318 571 3389 animadvertunt,
604 3318 796 3393 imperatores
829 3338 897 3378 suas
931 3319 1029 3394 copias
1060 3319 1103 3375 ita
1134 3316 1258 3374 colloca-

192 3418 278 3488 visse,
308 3421 343 3476 ut
364 3416 486 3475 adverso
509 3417 569 3475 sole
592 3419 621 3474 et
642 3419 731 3475 vento
753 3419 782 3473 et
803 3417 925 3491 pulvere
946 3415 1062 3474 barbari
1083 3413 1257 3489 impediren-

192 3519 250 3585 tur,
283 3535 371 3590 quem
403 3513 504 3572 dolum
536 3513 572 3571 ab
604 3513 768 3571 Hannibale
800 3533 850 3573 eos
882 3517 1035 3573 mutuatos
1063 3531 1126 3570 esse
1155 3512 1258 3569 dicunt

193 3613 315 3671 Orosius
347 3616 376 3669 et
406 3611 522 3670 Florus
565 3611 743 3669 Plutarchus
765 3614 868 3670 contra
889 3611 969 3670 solus
991 3629 1129 3668 numeros
1151 3608 1257 3667 Rorna-

192 3730 298 3769 norum
320 3709 457 3777 servavit,
480 3709 588 3767 20300
611 3708 718 3779 Catuli,
732 3709 945 3768 saccellarii.
976 3706 1257 3767 ExOommentariis

194 3809 291 3866 Sullae
323 3806 500 3864 Plutarchus
532 3807 622 3864 refert
650 3809 795 3865 extremas
823 3811 922 3881 partes
954 3807 1027 3864 aciei
1048 3805 1133 3862 Marii
1155 3804 1257 3879 copiis,

228 4114 1255 4180 ‘fluam—bmwwastmmumuftmmuffla

192 4209 290 4254 Nomen
315 4209 444 4266 Boiorigis
471 4211 555 4253 tamen
580 4209 657 4254 Floro
684 4210 799 4268 ignotum
817 4222 867 4254 non
885 4212 940 4265 eat;
958 4211 1047 4267 postea
1065 4187 1088 4261 (d
1109 4199 1160 4261 18⁰]
1178 4206 1257 4252 tradit

193 4306 251 4338 eum
269 4293 294 4338 in
312 4305 397 4351 pugna
415 4292 527 4338 occisum
545 4306 609 4339 esse.
629 4318 659 4325 -
681 4285 698 4346 ὅ)
716 4295 745 4352 V,
765 4295 803 4349 16,
824 4294 862 4339 14.
882 4317 912 4326 -
933 4285 950 4347 “l
969 4292 1083 4338 Frontin.
1102 4292 1135 4348 II,
1155 4293 1177 4347 2,
1192 4292 1213 4336 8.
1225 4314 1256 4322 -·

195 4368 979 4435 sumnam-bmam-bmmm
