2916 5062
704 488 742 546 49

199 649 295 706 ⁴hirica
328 651 391 705 erat
413 648 515 722 gessit,
539 648 697 706 Sallustius
719 649 807 705 finem
829 648 900 705 facit
921 650 1038 704 narrata
1058 667 1089 703 re
1112 668 1128 704 a
1149 643 1263 705 Rutilio

192 746 279 815 faeta,
301 745 490 804 traductione
512 745 658 805 exercitus
681 745 798 811 consuli,
817 746 920 803 Mario.
950 746 1014 814 Quo
1037 746 1102 803 loco
1124 745 1263 804 Metellus

199 846 267 900 tunc
289 842 433 918 temporis
454 842 553 912 fuerit,
578 843 741 918 comperire
762 862 820 901 non
842 861 1012 918 possumus.

237 941 360 999 Frustra
391 940 567 1016 opposuerit
599 941 705 1016 aliquis
738 940 775 999 ob
798 961 862 998 eam
885 960 1004 999 causam
1025 960 1084 999 non
1106 941 1264 999 verisimile

200 1057 259 1097 esse
282 1057 324 1108 ea,
347 1058 423 1114 quae
445 1038 604 1097 Sallustius
626 1042 656 1096 et
677 1039 856 1097 Plutarchus
879 1040 914 1097 de
930 1038 1024 1108 Marii,
1036 1038 1126 1113 legati
1142 1038 1263 1108 Metelli,

198 1134 284 1193 rebus
316 1135 408 1209 gestis
440 1138 649 1206 narraverunt,
682 1156 699 1194 a
729 1136 842 1195 Rutilio
875 1136 1047 1211 desumptas
1079 1155 1152 1207 esse,
1184 1136 1264 1212 quod

199 1232 314 1290 laudem
346 1233 495 1308 quandam
528 1233 614 1291 Marii
647 1237 716 1292 cout
718 1234 798 1291 iueut
785 1236 860 1292 tet
890 1233 1022 1291 Rutilius
1043 1230 1179 1291 huic'l
1133 1234 1264 1292 infensus

199 1330 273 1401 fuit3
305 1350 373 1388 uam
406 1330 442 1388 ab
475 1331 567 1389 altera
594 1333 676 1406 parte
698 1331 748 1389 illa
770 1331 879 1389 invidia
900 1331 961 1389 Ru
964 1331 1023 1401 rho
1046 1331 1110 1390 viro
1131 1331 1264 1390 veritatis

199 1428 339 1502 diligenti,
362 1429 574 1504 impedimento
596 1428 687 1488 fuisse
709 1448 767 1488 non
789 1429 916 1499 videtur,
939 1429 1011 1504 quin
1033 1428 1118 1487 Marii
1138 1429 1264 1488 virtutes

197 1524 338 1600 imprimis
371 1526 513 1584 militares
545 1530 691 1602 quantum
724 1529 871 1584 mererent
901 1526 1035 1585 laudaret
1048 1527 1122 1600 ¹)et
1148 1546 1196 1585 eas
1217 1545 1263 1584 res

201 1642 272 1697 quas
305 1623 427 1693 Mariua,
461 1642 527 1682 cum
561 1624 623 1699 ipse
644 1624 769 1694 adesset,
798 1624 947 1699 gessisset
971 1624 1130 1699 explicaret
1141 1623 1174 1696 ².)
1216 1623 1264 1681 Ab

202 1721 291 1779 altera
322 1724 407 1796 parte
430 1741 472 1792 ea,
495 1741 570 1797 quae
592 1722 716 1780 Mario
709 1721 843 1797 iniquat
830 1722 940 1779 tradita
962 1726 1040 1792 sunt,
1063 1741 1164 1781 revera
1185 1721 1264 1797 apud

199 1821 360 1894 utrumque
382 1819 562 1893 praevalent.
540 1819 754 1878 tMachinat'
732 1823 837 1890 t,10nes
860 1839 933 1894 quas
955 1819 1060 1878 [115555
1081 1820 1167 1879 molit
1155 1823 1203 1878 tus
1219 1823 1265 1878 est

199 1915 500 1987 Marrus³)embit't10
522 1936 598 1992 quae
620 1935 688 1974 euru
709 1916 895 1975 incendit
860 1917 1129 1992 ut'disciplinam
1122 1937 1150 1974 rn
1169 1917 1264 1975 hiber-

201 2015 244 2070 nis
266 2013 389 2071 relaxari
411 2015 599 2088 pateretur4)
620 2015 838 2089 vituperatione
861 2015 980 2073 minime
1001 2018 1116 2073 vacant.
1095 2015 1229 2073 tPart
1219 2018 1262 2073 tes

201 2129 272 2186 quas
304 2111 334 2168 in
366 2110 492 2186 Turpilii
522 2112 633 2170 iudicio
666 2112 727 2188 egit
758 2113 869 2170 Marius
900 2133 959 2172 non
982 2132 1049 2170 cum
1069 2113 1180 2172 honore
1202 2113 1264 2170 eius

201 2209 358 2266 memoriae
390 2209 525 2284 proditae
555 2209 669 2283 sunm).
712 2210 846 2286 Reliqua,
869 2230 944 2286 quae
966 2210 1125 2269 Sallustius
1147 2214 1176 2268 et
1197 2211 1264 2268 Plu-

200 2306 320 2364 tarchus
352 2305 504 2366 derebus
530 2307 566 2365 'ab
596 2327 630 2366 eo
653 2307 772 2366 consule
794 2308 948 2382 designato
970 2310 1000 2366 et
1020 2312 1124 2383 postea
1144 2327 1265 2366 munere

200 2404 256 2462 iam
289 2404 362 2462 inito
394 2405 485 2479 gestis
518 2405 754 2480 disputaverunt,
787 2405 822 2463 de
851 2405 1039 2465 contionibus
1071 2409 1101 2464 et
1121 2406 1265 2465 nobilium

202 2501 454 2577 castigationibus,
483 2522 571 2577 porro
601 2503 636 2561 de
658 2503 802 2561 militibus
824 2519 898 2577 quos
921 2503 1095 2579 conscripsit
1116 2507 1146 2562 et
1167 2503 1202 2561 de
1224 2503 1265 2560 di·

200 2599 288 2670 lectu,
318 2616 405 2674 quem
434 2620 468 2658 ex
499 2601 594 2675 capite
617 2602 709 2659 censis
730 2601 836 2659 habuit
857 2599 891 2673 6),
912 2594 960 2659 hie
982 2620 1143 2660 memorare
1166 2619 1263 2675 super·

201 2698 350 2769 sedemus3
372 2718 439 2756 narn
462 2698 496 2756 de
518 2698 631 2757 Rutilio
652 2702 805 2774 tamquam
826 2699 944 2756 illorum
964 2702 1084 2757 auctore
1096 2699 1144 2757 vix
1156 2699 1265 2773 cogita·

200 2795 340 2853 verimus

239 2893 283 2950 De
305 2894 424 2953 Metello
447 2897 548 2953 contra
570 2894 728 2953 Sallustius
748 2893 776 2951 in
790 2893 936 2969 capitibus
949 2914 964 2952 e
975 2894 1089 2953 Rutilio
1102 2893 1266 2968 desumptis

201 2991 376 3064 aequissime
407 2992 519 3051 iudicat
541 2991 574 3064 ⁷),
607 2991 715 3051 bonam
746 2991 855 3049 famam
887 3008 946 3066 qua
974 2992 1085 3051 Romae
1113 2991 1268 3050 fruebatur

200 3088 288 3146 etiam
311 3092 400 3162 atqua
422 3090 511 3147 etiam
533 3089 679 3164 significat
701 3089 742 3162 8);
764 3090 819 3147 hac
841 3109 871 3148 re
893 3090 1026 3164 inprimis
1048 3089 1114 3147 fons
1134 3088 1271 3147 Sallustii
1355 3121 1356 3125 ,

201 3189 231 3243 et
251 3186 405 3245 Plutarchi
425 3187 461 3245 ab
483 3186 621 3262 Appiani,
644 3189 695 3262 qui
715 3188 835 3245 Metello
847 3187 1049 3261 iniquissimus
1063 3191 1107 3245 est
1121 3184 1153 3259 ²),
1167 3186 1265 3246 distat.

200 3282 262 3342 Nec
293 3288 392 3342 tamen
424 3288 528 3342 auctor
556 3284 688 3344 Sallustii
716 3290 746 3344 et
766 3285 920 3344 Plutarchi
941 3286 977 3355 ei,
1000 3286 1051 3362 qui
1073 3285 1183 3359 scripta
1204 3285 1266 3342 eius

200 3381 282 3456 legit,
316 3382 469 3440 ostendere
497 3382 627 3456 neglexit
654 3383 808 3441 Metellum
829 3402 888 3441 non
908 3383 1007 3441 minus
1029 3403 1118 3458 quam
1139 3382 1267 3440 Marium

199 3480 338 3553 partium,
370 3480 439 3538 licet
469 3479 711 3550 adversariarum,
735 3481 902 3539 studiosum
923 3481 1014 3538 fuisse
1038 3479 1084 3552 ¹⁰),
1107 3500 1141 3537 ea
1162 3499 1193 3537 re
1214 3481 1267 3536 im·

200 3577 302 3652 primis
324 3578 479 3636 manifesta
500 3577 579 3635 facta
601 3576 732 3636 dolorem
754 3577 865 3636 Metelli
886 3597 945 3636 non
966 3578 1062 3652 magis
1085 3597 1119 3635 ex
1139 3577 1266 3634 irainiu-

201 3675 269 3745 riae,
292 3695 351 3750 qua
371 3676 501 3750 populus
523 3695 591 3733 eum
613 3675 718 3745 affecit,
740 3679 841 3732 natam
861 3675 953 3734 fuisse
974 3695 1064 3751 quam
1086 3695 1120 3732 ex
1139 3675 1207 3733 odio
1220 3676 1267 3734 vel

201 3773 290 3830 etiam
312 3773 430 3844 invidia,
454 3773 563 3848 quain
585 3773 712 3830 Marium
733 3772 886 3847 flagrabat.

201 3987 403 3996 tn--—---.-—-

237 4151 339 4212 151515
358 4161 461 4207 15551,
440 4139 609 4219 istrie,
630 4162 657 4219 r;
677 4160 749 4218 55,
759 4164 823 4219 ,55,
843 4151 1265 4220 5*51,5.-55.5155.α

203 4235 222 4298 ⁴)
241 4245 280 4301 54,
301 4246 371 4291 5.-
403 4237 505 4299 ⁵.)121u5
524 4247 586 4292 naa
607 4238 855 4303 s.-⁶)sa11.ea,
876 4249 899 4301 5,
917 4248 943 4304 4,
962 4247 1028 4292 Plus.
1047 4247 1108 4293 1155.
1129 4247 1216 4294 eina
1237 4269 1266 4280 -

206 4319 394 4388 115511451
424 4322 493 4385 -81
516 4333 601 4388 55,5;
623 4332 695 4388 55,1
725 4321 989 4390 91511555555.
1010 4322 1191 4388 -101151,

1205 4412 1223 4471 4
