<?xml version="1.0" encoding="UTF-8"?>
<!DOCTYPE html PUBLIC "-//W3C//DTD XHTML 1.0 Transitional//EN"
    "http://www.w3.org/TR/xhtml1/DTD/xhtml1-transitional.dtd">
<html xmlns="http://www.w3.org/1999/xhtml" xml:lang="en" lang="en">
 <head>
  <title>
</title>
<meta http-equiv="Content-Type" content="text/html;charset=utf-8" />
  <meta name='ocr-system' content='tesseract 3.04.00' />
  <meta name='ocr-capabilities' content='ocr_page ocr_carea ocr_par ocr_line ocrx_word'/>
</head>
<body>
  <div class='ocr_page' id='page_1' title='image "./quaestionessull00hoekgoog_0121.png"; bbox 0 0 2916 5062; ppageno 0'>
   <div class='ocr_carea' id='block_1_1' title="bbox 667 451 763 519">
    <p class='ocr_par' dir='ltr' id='par_1_1' title="bbox 667 451 763 519">
     <span class='ocr_line' id='line_1_1' title="bbox 667 451 763 519; baseline 0.073 -7"><span class='ocrx_word' id='word_1_1' title='bbox 667 509 669 512; x_wconf 84' lang='lat'>.</span> <span class='ocrx_word' id='word_1_2' title='bbox 706 451 763 519; x_wconf 69' lang='lat'>‘&#39;1‘10</span> 
     </span>
    </p>
   </div>
   <div class='ocr_carea' id='block_1_2' title="bbox 204 614 1310 3038">
    <p class='ocr_par' dir='ltr' id='par_1_2' title="bbox 205 614 1279 1184">
     <span class='ocr_line' id='line_1_2' title="bbox 208 614 1277 696; baseline -0.004 -17"><span class='ocrx_word' id='word_1_3' title='bbox 208 614 279 679; x_wconf 75' lang='lat'>&#39;102‘0</span> <span class='ocrx_word' id='word_1_4' title='bbox 305 620 399 678; x_wconf 85' lang='lat' dir='ltr'><strong>Mario</strong></span> <span class='ocrx_word' id='word_1_5' title='bbox 428 620 590 695; x_wconf 83' lang='lat' dir='ltr'><strong>gerendum</strong></span> <span class='ocrx_word' id='word_1_6' title='bbox 612 623 684 690; x_wconf 88' lang='lat' dir='ltr'><strong>erat,</strong></span> <span class='ocrx_word' id='word_1_7' title='bbox 706 624 815 696; x_wconf 83' lang='lat' dir='ltr'><strong>negant</strong></span> <span class='ocrx_word' id='word_1_8' title='bbox 836 620 930 679; x_wconf 88' lang='lat' dir='ltr'><strong>Mario</strong></span> <span class='ocrx_word' id='word_1_9' title='bbox 951 623 1016 678; x_wconf 81' lang='lat' dir='ltr'><strong>turn</strong></span> <span class='ocrx_word' id='word_1_10' title='bbox 1040 639 1106 678; x_wconf 86' lang='lat' dir='ltr'><strong>eum</strong></span> <span class='ocrx_word' id='word_1_11' title='bbox 1129 617 1277 677; x_wconf 87' lang='lat' dir='ltr'><strong>Teutonis</strong></span> 
     </span>
     <span class='ocr_line' id='line_1_3' title="bbox 207 717 1279 793; baseline -0.004 -16"><span class='ocrx_word' id='word_1_12' title='bbox 207 736 325 793; x_wconf 86' lang='lat' dir='ltr'><strong>quoque</strong></span> <span class='ocrx_word' id='word_1_13' title='bbox 356 738 419 777; x_wconf 89' lang='lat' dir='ltr'><strong>rem</strong></span> <span class='ocrx_word' id='word_1_14' title='bbox 439 719 540 777; x_wconf 87' lang='lat' dir='ltr'><strong>fuisse.</strong></span> <span class='ocrx_word' id='word_1_15' title='bbox 583 717 640 776; x_wconf 84' lang='lat' dir='ltr'><strong>Sed</strong></span> <span class='ocrx_word' id='word_1_16' title='bbox 662 738 695 777; x_wconf 83' lang='lat' dir='ltr'><strong>ea</strong></span> <span class='ocrx_word' id='word_1_17' title='bbox 717 718 829 793; x_wconf 78' lang='lat' dir='ltr'><strong>species</strong></span> <span class='ocrx_word' id='word_1_18' title='bbox 850 718 924 777; x_wconf 84' lang='lat' dir='ltr'><strong>falsa</strong></span> <span class='ocrx_word' id='word_1_19' title='bbox 946 721 1000 788; x_wconf 87' lang='lat' dir='ltr'><strong>est,</strong></span> <span class='ocrx_word' id='word_1_20' title='bbox 1023 718 1106 776; x_wconf 87' lang='lat' dir='ltr'><strong>loeus</strong></span> <span class='ocrx_word' id='word_1_21' title='bbox 1127 720 1163 775; x_wconf 93' lang='lat' dir='ltr'><strong>ut</strong></span> <span class='ocrx_word' id='word_1_22' title='bbox 1185 736 1279 792; x_wconf 88' lang='lat' dir='ltr'><strong>supra</strong></span> 
     </span>
     <span class='ocr_line' id='line_1_4' title="bbox 205 815 1279 891; baseline -0.003 -18"><span class='ocrx_word' id='word_1_23' title='bbox 205 817 263 874; x_wconf 89' lang='lat' dir='ltr'><strong>iam</strong></span> <span class='ocrx_word' id='word_1_24' title='bbox 296 816 406 885; x_wconf 89' lang='lat' dir='ltr'><strong>monui,</strong></span> <span class='ocrx_word' id='word_1_25' title='bbox 437 815 584 891; x_wconf 88' lang='lat' dir='ltr'><strong>pertinere</strong></span> <span class='ocrx_word' id='word_1_26' title='bbox 615 815 734 874; x_wconf 86' lang='lat' dir='ltr'><strong>videtur</strong></span> <span class='ocrx_word' id='word_1_27' title='bbox 766 815 803 873; x_wconf 93' lang='lat' dir='ltr'><strong>ad</strong></span> <span class='ocrx_word' id='word_1_28' title='bbox 823 815 935 874; x_wconf 88' lang='lat' dir='ltr'><strong>bellum</strong></span> <span class='ocrx_word' id='word_1_29' title='bbox 958 815 1080 889; x_wconf 81' lang='lat' dir='ltr'>aliquod</span> <span class='ocrx_word' id='word_1_30' title='bbox 1102 815 1279 887; x_wconf 80' lang='lat' dir='ltr'>ceteroquin</span> 
     </span>
     <span class='ocr_line' id='line_1_5' title="bbox 206 913 1278 988; baseline -0.002 -17"><span class='ocrx_word' id='word_1_31' title='bbox 206 913 290 972; x_wconf 87' lang='lat' dir='ltr'><strong>nobis</strong></span> <span class='ocrx_word' id='word_1_32' title='bbox 312 915 457 988; x_wconf 84' lang='lat' dir='ltr'><strong>ignotum,</strong></span> <span class='ocrx_word' id='word_1_33' title='bbox 477 914 556 987; x_wconf 90' lang='lat' dir='ltr'><strong>quod</strong></span> <span class='ocrx_word' id='word_1_34' title='bbox 575 918 642 971; x_wconf 85' lang='lat' dir='ltr'><strong>ante</strong></span> <span class='ocrx_word' id='word_1_35' title='bbox 655 933 764 971; x_wconf 90' lang='lat' dir='ltr'><strong>annum</strong></span> <span class='ocrx_word' id='word_1_36' title='bbox 778 915 869 971; x_wconf 83' lang='lat'>102¹¹¹¹¹</span> <span class='ocrx_word' id='word_1_37' title='bbox 882 934 898 971; x_wconf 87' lang='lat' dir='ltr'><strong>a</strong></span> <span class='ocrx_word' id='word_1_38' title='bbox 909 913 1143 971; x_wconf 81' lang='lat' dir='ltr'><strong>Massiliensibus</strong></span> <span class='ocrx_word' id='word_1_39' title='bbox 1155 915 1278 986; x_wconf 84' lang='lat' dir='ltr'><strong>gestum</strong></span> 
     </span>
     <span class='ocr_line' id='line_1_6' title="bbox 207 1009 1278 1086; baseline -0.003 -17"><span class='ocrx_word' id='word_1_40' title='bbox 207 1015 260 1081; x_wconf 85' lang='lat' dir='ltr'><strong>est,</strong></span> <span class='ocrx_word' id='word_1_41' title='bbox 293 1015 371 1069; x_wconf 86' lang='lat' dir='ltr'><strong>certe</strong></span> <span class='ocrx_word' id='word_1_42' title='bbox 402 1030 488 1069; x_wconf 84' lang='lat' dir='ltr'><strong>nemo</strong></span> <span class='ocrx_word' id='word_1_43' title='bbox 519 1030 574 1086; x_wconf 89' lang='lat' dir='ltr'><strong>pro</strong></span> <span class='ocrx_word' id='word_1_44' title='bbox 604 1015 683 1069; x_wconf 84' lang='lat' dir='ltr'><strong>certo</strong></span> <span class='ocrx_word' id='word_1_45' title='bbox 714 1011 915 1069; x_wconf 84' lang='lat' dir='ltr'><strong>demonstrare</strong></span> <span class='ocrx_word' id='word_1_46' title='bbox 936 1010 1056 1085; x_wconf 88' lang='lat' dir='ltr'><strong>poterit,</strong></span> <span class='ocrx_word' id='word_1_47' title='bbox 1079 1009 1207 1068; x_wconf 86' lang='lat' dir='ltr'><strong>eumad</strong></span> <span class='ocrx_word' id='word_1_48' title='bbox 1229 1027 1278 1066; x_wconf 89' lang='lat' dir='ltr'><strong>res</strong></span> 
     </span>
     <span class='ocr_line' id='line_1_7' title="bbox 206 1108 1103 1184; baseline -0.001 -17"><span class='ocrx_word' id='word_1_49' title='bbox 206 1129 281 1168; x_wconf 91' lang='lat' dir='ltr'><strong>anno</strong></span> <span class='ocrx_word' id='word_1_50' title='bbox 306 1109 376 1168; x_wconf 86' lang='lat'>1020</span> <span class='ocrx_word' id='word_1_51' title='bbox 396 1112 495 1184; x_wconf 81' lang='lat' dir='ltr'><strong>gestas</strong></span> <span class='ocrx_word' id='word_1_52' title='bbox 516 1109 662 1183; x_wconf 87' lang='lat' dir='ltr'><strong>pertinere</strong></span> <span class='ocrx_word' id='word_1_53' title='bbox 685 1113 714 1167; x_wconf 91' lang='lat' dir='ltr'><strong>et</strong></span> <span class='ocrx_word' id='word_1_54' title='bbox 735 1109 928 1168; x_wconf 88' lang='lat' dir='ltr'><strong>Posidonium</strong></span> <span class='ocrx_word' id='word_1_55' title='bbox 951 1108 1103 1167; x_wconf 81' lang='lat' dir='ltr'><strong>erravisse.</strong></span> 
     </span>
    </p>

    <p class='ocr_par' dir='ltr' id='par_1_3' title="bbox 205 1205 1310 2161">
     <span class='ocr_line' id='line_1_8' title="bbox 247 1205 1277 1282; baseline 0 -19"><span class='ocrx_word' id='word_1_56' title='bbox 247 1207 337 1265; x_wconf 86' lang='lat' dir='ltr'><strong>Reete</strong></span> <span class='ocrx_word' id='word_1_57' title='bbox 369 1207 473 1264; x_wconf 89' lang='lat' dir='ltr'><strong>deinde</strong></span> <span class='ocrx_word' id='word_1_58' title='bbox 504 1206 608 1265; x_wconf 87' lang='lat' dir='ltr'><strong>divisio</strong></span> <span class='ocrx_word' id='word_1_59' title='bbox 641 1225 671 1264; x_wconf 90' lang='lat' dir='ltr'><strong>se</strong></span> <span class='ocrx_word' id='word_1_60' title='bbox 703 1206 792 1264; x_wconf 90' lang='lat' dir='ltr'><strong>habet</strong></span> <span class='ocrx_word' id='word_1_61' title='bbox 814 1207 893 1282; x_wconf 89' lang='lat' dir='ltr'><strong>apud</strong></span> <span class='ocrx_word' id='word_1_62' title='bbox 914 1206 1125 1276; x_wconf 66' lang='lat' dir='ltr'><strong>Plutarchum</strong></span> <span class='ocrx_word' id='word_1_63' title='bbox 1149 1205 1173 1263; x_wconf 89' lang='lat' dir='ltr'><strong>is</strong></span> <span class='ocrx_word' id='word_1_64' title='bbox 1194 1208 1277 1263; x_wconf 86' lang='lat' dir='ltr'><strong>reete</strong></span> 
     </span>
     <span class='ocr_line' id='line_1_9' title="bbox 206 1303 1279 1380; baseline -0.002 -19"><span class='ocrx_word' id='word_1_65' title='bbox 206 1305 297 1380; x_wconf 82' lang='lat' dir='ltr'><strong>priori</strong></span> <span class='ocrx_word' id='word_1_66' title='bbox 318 1304 395 1379; x_wconf 87' lang='lat' dir='ltr'><strong>parti</strong></span> <span class='ocrx_word' id='word_1_67' title='bbox 417 1304 591 1362; x_wconf 86' lang='lat' dir='ltr'><strong>adnumerat</strong></span> <span class='ocrx_word' id='word_1_68' title='bbox 612 1306 642 1362; x_wconf 88' lang='lat' dir='ltr'><strong>et</strong></span> <span class='ocrx_word' id='word_1_69' title='bbox 663 1303 811 1362; x_wconf 86' lang='lat' dir='ltr'><strong>Teutones</strong></span> <span class='ocrx_word' id='word_1_70' title='bbox 834 1307 864 1362; x_wconf 91' lang='lat' dir='ltr'><strong>et</strong></span> <span class='ocrx_word' id='word_1_71' title='bbox 884 1304 1060 1372; x_wconf 74' lang='lat' dir='ltr'><strong>Ambrones</strong></span> <span class='ocrx_word' id='word_1_72' title='bbox 1083 1303 1169 1361; x_wconf 86' lang='lat' dir='ltr'><strong>alteri</strong></span> <span class='ocrx_word' id='word_1_73' title='bbox 1195 1303 1279 1378; x_wconf 87' lang='lat' dir='ltr'><strong>parti</strong></span> 
     </span>
     <span class='ocr_line' id='line_1_10' title="bbox 206 1400 1278 1472; baseline -0.002 -12"><span class='ocrx_word' id='word_1_74' title='bbox 206 1421 276 1461; x_wconf 84' lang='lat' dir='ltr'><strong>vero</strong></span> <span class='ocrx_word' id='word_1_75' title='bbox 308 1401 458 1472; x_wconf 81' lang='lat' dir='ltr'><strong>Gimbros3</strong></span> <span class='ocrx_word' id='word_1_76' title='bbox 490 1404 569 1460; x_wconf 83' lang='lat' dir='ltr'><strong>recte</strong></span> <span class='ocrx_word' id='word_1_77' title='bbox 598 1401 688 1460; x_wconf 87' lang='lat' dir='ltr'><strong>etiam</strong></span> <span class='ocrx_word' id='word_1_78' title='bbox 717 1401 808 1472; x_wconf 87' lang='lat' dir='ltr'><strong>addit,</strong></span> <span class='ocrx_word' id='word_1_79' title='bbox 830 1401 875 1460; x_wconf 91' lang='lat' dir='ltr'><strong>his</strong></span> <span class='ocrx_word' id='word_1_80' title='bbox 898 1402 975 1460; x_wconf 85' lang='lat' dir='ltr'><strong>viam</strong></span> <span class='ocrx_word' id='word_1_81' title='bbox 996 1400 1162 1460; x_wconf 81' lang='lat' dir='ltr'><strong>faciendam</strong></span> <span class='ocrx_word' id='word_1_82' title='bbox 1183 1401 1278 1458; x_wconf 85' lang='lat' dir='ltr'><strong>fuisse</strong></span> 
     </span>
     <span class='ocr_line' id='line_1_11' title="bbox 206 1498 1278 1574; baseline -0.001 -17"><span class='ocrx_word' id='word_1_83' title='bbox 206 1500 234 1557; x_wconf 89' lang='lat' dir='ltr'><strong>in</strong></span> <span class='ocrx_word' id='word_1_84' title='bbox 267 1499 418 1569; x_wconf 79' lang='lat' dir='ltr'><strong>Noricum,</strong></span> <span class='ocrx_word' id='word_1_85' title='bbox 450 1500 517 1557; x_wconf 87' lang='lat' dir='ltr'><strong>inde</strong></span> <span class='ocrx_word' id='word_1_86' title='bbox 549 1499 587 1556; x_wconf 88' lang='lat' dir='ltr'><strong>ad</strong></span> <span class='ocrx_word' id='word_1_87' title='bbox 617 1499 735 1570; x_wconf 80' lang='lat' dir='ltr'><strong>Atesin3</strong></span> <span class='ocrx_word' id='word_1_88' title='bbox 768 1504 798 1558; x_wconf 85' lang='lat' dir='ltr'><strong>et</strong></span> <span class='ocrx_word' id='word_1_89' title='bbox 830 1500 947 1574; x_wconf 83' lang='lat' dir='ltr'><strong>egregie</strong></span> <span class='ocrx_word' id='word_1_90' title='bbox 970 1498 1179 1557; x_wconf 86' lang='lat' dir='ltr'><strong>animadvertit</strong></span> <span class='ocrx_word' id='word_1_91' title='bbox 1199 1498 1278 1556; x_wconf 83' lang='lat' dir='ltr'><strong>hane</strong></span> 
     </span>
     <span class='ocr_line' id='line_1_12' title="bbox 206 1595 1278 1673; baseline -0.002 -18"><span class='ocrx_word' id='word_1_92' title='bbox 206 1598 328 1656; x_wconf 88' lang='lat' dir='ltr'><strong>alteram</strong></span> <span class='ocrx_word' id='word_1_93' title='bbox 359 1600 474 1673; x_wconf 88' lang='lat' dir='ltr'><strong>partem</strong></span> <span class='ocrx_word' id='word_1_94' title='bbox 506 1597 566 1668; x_wconf 86' lang='lat' dir='ltr'><strong>(oui</strong></span> <span class='ocrx_word' id='word_1_95' title='bbox 598 1597 686 1655; x_wconf 86' lang='lat' dir='ltr'><strong>etiarn</strong></span> <span class='ocrx_word' id='word_1_96' title='bbox 717 1597 813 1656; x_wconf 88' lang='lat' dir='ltr'><strong>multo</strong></span> <span class='ocrx_word' id='word_1_97' title='bbox 841 1598 959 1672; x_wconf 85' lang='lat' dir='ltr'><strong>longius</strong></span> <span class='ocrx_word' id='word_1_98' title='bbox 989 1595 1189 1655; x_wconf 85' lang='lat' dir='ltr'><strong>emetiendum</strong></span> <span class='ocrx_word' id='word_1_99' title='bbox 1212 1599 1278 1654; x_wconf 86' lang='lat' dir='ltr'><strong>erat</strong></span> 
     </span>
     <span class='ocr_line' id='line_1_13' title="bbox 206 1694 1310 1770; baseline 0 -18"><span class='ocrx_word' id='word_1_100' title='bbox 206 1696 283 1769; x_wconf 85' lang='lat' dir='ltr'><strong>iter),</strong></span> <span class='ocrx_word' id='word_1_101' title='bbox 305 1695 426 1770; x_wconf 85' lang='lat' dir='ltr'><strong>insuper</strong></span> <span class='ocrx_word' id='word_1_102' title='bbox 447 1695 498 1752; x_wconf 89' lang='lat' dir='ltr'><strong>diu</strong></span> <span class='ocrx_word' id='word_1_103' title='bbox 519 1697 664 1753; x_wconf 89' lang='lat' dir='ltr'><strong>moratam</strong></span> <span class='ocrx_word' id='word_1_104' title='bbox 686 1714 749 1753; x_wconf 85' lang='lat' dir='ltr'><strong>esse</strong></span> <span class='ocrx_word' id='word_1_105' title='bbox 771 1698 929 1769; x_wconf 88' lang='lat' dir='ltr'><strong>antequam</strong></span> <span class='ocrx_word' id='word_1_106' title='bbox 948 1695 1004 1753; x_wconf 90' lang='lat' dir='ltr'><strong>iter</strong></span> <span class='ocrx_word' id='word_1_107' title='bbox 1022 1695 1202 1770; x_wconf 58' lang='lat' dir='ltr'><strong>susciperem</strong></span> <span class='ocrx_word' id='word_1_108' title='bbox 1220 1694 1277 1752; x_wconf 87' lang='lat' dir='ltr'><strong>hae</strong></span> <span class='ocrx_word' id='word_1_109' title='bbox 1305 1694 1310 1701; x_wconf 84' lang='lat'>&#39;</span> 
     </span>
     <span class='ocr_line' id='line_1_14' title="bbox 206 1791 1277 1868; baseline -0.002 -18"><span class='ocrx_word' id='word_1_110' title='bbox 206 1812 236 1851; x_wconf 90' lang='lat' dir='ltr'><strong>re</strong></span> <span class='ocrx_word' id='word_1_111' title='bbox 269 1793 432 1868; x_wconf 83' lang='lat' dir='ltr'><strong>explicatur</strong></span> <span class='ocrx_word' id='word_1_112' title='bbox 464 1812 516 1850; x_wconf 87' lang='lat' dir='ltr'><strong>eur</strong></span> <span class='ocrx_word' id='word_1_113' title='bbox 546 1793 681 1868; x_wconf 83' lang='lat' dir='ltr'><strong>proximo</strong></span> <span class='ocrx_word' id='word_1_114' title='bbox 713 1811 788 1850; x_wconf 88' lang='lat' dir='ltr'><strong>anno</strong></span> <span class='ocrx_word' id='word_1_115' title='bbox 820 1793 939 1850; x_wconf 90' lang='lat' dir='ltr'><strong>ineunte</strong></span> <span class='ocrx_word' id='word_1_116' title='bbox 963 1793 1080 1850; x_wconf 89' lang='lat' dir='ltr'><strong>demum</strong></span> <span class='ocrx_word' id='word_1_117' title='bbox 1104 1791 1217 1850; x_wconf 80' lang='lat' dir='ltr'><strong>Cimbri</strong></span> <span class='ocrx_word' id='word_1_118' title='bbox 1239 1791 1277 1849; x_wconf 88' lang='lat' dir='ltr'><strong>ad</strong></span> 
     </span>
     <span class='ocr_line' id='line_1_15' title="bbox 207 1889 1275 1965; baseline -0.002 -16"><span class='ocrx_word' id='word_1_119' title='bbox 207 1891 345 1949; x_wconf 79' lang='lat' dir='ltr'><strong>Catulum</strong></span> <span class='ocrx_word' id='word_1_120' title='bbox 375 1892 452 1964; x_wconf 87' lang='lat' dir='ltr'><strong>(turn</strong></span> <span class='ocrx_word' id='word_1_121' title='bbox 477 1891 534 1948; x_wconf 88' lang='lat' dir='ltr'><strong>iarn</strong></span> <span class='ocrx_word' id='word_1_122' title='bbox 557 1890 776 1964; x_wconf 82' lang='lat' dir='ltr'><strong>proconsulem)</strong></span> <span class='ocrx_word' id='word_1_123' title='bbox 797 1890 985 1965; x_wconf 80' lang='lat' dir='ltr'><strong>pervenerint</strong></span> <span class='ocrx_word' id='word_1_124' title='bbox 1008 1890 1040 1963; x_wconf 84' lang='grc'><strong>1).</strong></span> <span class='ocrx_word' id='word_1_125' title='bbox 1083 1889 1152 1948; x_wconf 89' lang='lat' dir='ltr'><strong>Non</strong></span> <span class='ocrx_word' id='word_1_126' title='bbox 1174 1889 1275 1947; x_wconf 88' lang='lat' dir='ltr'><strong>minus</strong></span> 
     </span>
     <span class='ocr_line' id='line_1_16' title="bbox 205 1986 1275 2063; baseline -0.001 -17"><span class='ocrx_word' id='word_1_127' title='bbox 205 1993 284 2046; x_wconf 81' lang='lat' dir='ltr'><strong>recte</strong></span> <span class='ocrx_word' id='word_1_128' title='bbox 315 2007 361 2046; x_wconf 91' lang='lat' dir='ltr'><strong>res</strong></span> <span class='ocrx_word' id='word_1_129' title='bbox 384 1992 471 2046; x_wconf 80' lang='lat' dir='ltr'><strong>‘reete</strong></span> <span class='ocrx_word' id='word_1_130' title='bbox 503 1988 644 2046; x_wconf 86' lang='lat' dir='ltr'><strong>sehabet</strong></span> <span class='ocrx_word' id='word_1_131' title='bbox 666 1987 744 2063; x_wconf 89' lang='lat' dir='ltr'><strong>apud</strong></span> <span class='ocrx_word' id='word_1_132' title='bbox 765 1988 904 2058; x_wconf 81' lang='lat' dir='ltr'><strong>Florum3</strong></span> <span class='ocrx_word' id='word_1_133' title='bbox 927 1988 951 2046; x_wconf 93' lang='lat' dir='ltr'><strong>is</strong></span> <span class='ocrx_word' id='word_1_134' title='bbox 973 1988 1099 2045; x_wconf 85' lang='lat' dir='ltr'><strong>affirmat</strong></span> <span class='ocrx_word' id='word_1_135' title='bbox 1120 1986 1275 2045; x_wconf 82' lang='lat' dir='ltr'><strong>Teutonos</strong></span> 
     </span>
     <span class='ocr_line' id='line_1_17' title="bbox 205 2069 1274 2161; baseline -0.001 -18"><span class='ocrx_word' id='word_1_136' title='bbox 205 2087 284 2158; x_wconf 88' lang='lat' dir='ltr'><strong>(nam</strong></span> <span class='ocrx_word' id='word_1_137' title='bbox 306 2086 341 2144; x_wconf 91' lang='lat' dir='ltr'><strong>de</strong></span> <span class='ocrx_word' id='word_1_138' title='bbox 363 2069 563 2143; x_wconf 80' lang='lat' dir='ltr'><strong>Ambronibus</strong></span> <span class='ocrx_word' id='word_1_139' title='bbox 585 2083 677 2156; x_wconf 81' lang='lat' dir='ltr'><strong>tacet)</strong></span> <span class='ocrx_word' id='word_1_140' title='bbox 698 2085 778 2161; x_wconf 90' lang='lat' dir='ltr'><strong>apud</strong></span> <span class='ocrx_word' id='word_1_141' title='bbox 798 2086 901 2160; x_wconf 88' lang='lat' dir='ltr'><strong>Aquas</strong></span> <span class='ocrx_word' id='word_1_142' title='bbox 921 2084 1034 2144; x_wconf 86' lang='lat' dir='ltr'><strong>Sextias</strong></span> <span class='ocrx_word' id='word_1_143' title='bbox 1054 2084 1227 2144; x_wconf 79' lang='lat' dir='ltr'><strong>essevietos</strong></span> <span class='ocrx_word' id='word_1_144' title='bbox 1240 2084 1274 2158; x_wconf 77' lang='lat'><strong>2).</strong></span> 
     </span>
    </p>

    <p class='ocr_par' dir='ltr' id='par_1_4' title="bbox 205 2182 1276 2550">
     <span class='ocr_line' id='line_1_18' title="bbox 246 2182 1274 2257; baseline -0.003 -15"><span class='ocrx_word' id='word_1_145' title='bbox 246 2185 401 2242; x_wconf 84' lang='lat' dir='ltr'><strong>Praeterea</strong></span> <span class='ocrx_word' id='word_1_146' title='bbox 424 2183 574 2241; x_wconf 86' lang='lat' dir='ltr'><strong>Teutonos</strong></span> <span class='ocrx_word' id='word_1_147' title='bbox 596 2183 625 2240; x_wconf 93' lang='lat' dir='ltr'><strong>in</strong></span> <span class='ocrx_word' id='word_1_148' title='bbox 647 2182 749 2240; x_wconf 85' lang='lat' dir='ltr'><strong>eadem</strong></span> <span class='ocrx_word' id='word_1_149' title='bbox 769 2201 871 2257; x_wconf 84' lang='lat' dir='ltr'><strong>pugna</strong></span> <span class='ocrx_word' id='word_1_150' title='bbox 892 2185 971 2241; x_wconf 85' lang='lat' dir='ltr'><strong>reete</strong></span> <span class='ocrx_word' id='word_1_151' title='bbox 992 2186 1159 2240; x_wconf 90' lang='lat' dir='ltr'><strong>memorant</strong></span> <span class='ocrx_word' id='word_1_152' title='bbox 1180 2182 1274 2240; x_wconf 86' lang='lat' dir='ltr'><strong>Fron·</strong></span> 
     </span>
     <span class='ocr_line' id='line_1_19' title="bbox 205 2279 1276 2355; baseline -0.003 -16"><span class='ocrx_word' id='word_1_153' title='bbox 205 2281 302 2351; x_wconf 87' lang='lat' dir='ltr'><strong>tinus,</strong></span> <span class='ocrx_word' id='word_1_154' title='bbox 333 2281 474 2351; x_wconf 71' lang='lat' dir='ltr'><strong>Velleius</strong></span> <span class='ocrx_word' id='word_1_155' title='bbox 506 2279 697 2355; x_wconf 85' lang='lat' dir='ltr'><strong>Obsequeus3</strong></span> <span class='ocrx_word' id='word_1_156' title='bbox 730 2280 858 2355; x_wconf 80' lang='lat' dir='ltr'><strong>epitome</strong></span> <span class='ocrx_word' id='word_1_157' title='bbox 890 2279 1013 2339; x_wconf 84' lang='lat' dir='ltr'><strong>Liviana</strong></span> <span class='ocrx_word' id='word_1_158' title='bbox 1043 2280 1154 2338; x_wconf 81' lang='lat' dir='ltr'><strong>rectius</strong></span> <span class='ocrx_word' id='word_1_159' title='bbox 1184 2279 1276 2338; x_wconf 86' lang='lat' dir='ltr'><strong>etiarn</strong></span> 
     </span>
     <span class='ocr_line' id='line_1_20' title="bbox 205 2377 1276 2453; baseline 0 -17"><span class='ocrx_word' id='word_1_160' title='bbox 205 2383 348 2453; x_wconf 87' lang='lat' dir='ltr'><strong>utrosque</strong></span> <span class='ocrx_word' id='word_1_161' title='bbox 379 2379 511 2437; x_wconf 88' lang='lat' dir='ltr'><strong>nominat</strong></span> <span class='ocrx_word' id='word_1_162' title='bbox 542 2378 692 2436; x_wconf 87' lang='lat' dir='ltr'><strong>Teutonos</strong></span> <span class='ocrx_word' id='word_1_163' title='bbox 715 2381 744 2436; x_wconf 90' lang='lat' dir='ltr'><strong>et</strong></span> <span class='ocrx_word' id='word_1_164' title='bbox 764 2378 931 2437; x_wconf 89' lang='lat' dir='ltr'><strong>Ambroues</strong></span> <span class='ocrx_word' id='word_1_165' title='bbox 953 2378 996 2451; x_wconf 77' lang='lat'><strong>³);</strong></span> <span class='ocrx_word' id='word_1_166' title='bbox 1019 2378 1077 2435; x_wconf 88' lang='lat' dir='ltr'><strong>iam</strong></span> <span class='ocrx_word' id='word_1_167' title='bbox 1099 2378 1171 2452; x_wconf 92' lang='lat' dir='ltr'><strong>quin</strong></span> <span class='ocrx_word' id='word_1_168' title='bbox 1193 2377 1276 2453; x_wconf 90' lang='lat' dir='ltr'><strong>apud</strong></span> 
     </span>
     <span class='ocr_line' id='line_1_21' title="bbox 205 2474 1130 2550; baseline 0.001 -18"><span class='ocrx_word' id='word_1_169' title='bbox 205 2476 322 2534; x_wconf 91' lang='lat' dir='ltr'><strong>Livium</strong></span> <span class='ocrx_word' id='word_1_170' title='bbox 343 2477 441 2550; x_wconf 89' lang='lat' dir='ltr'><strong>ipsum</strong></span> <span class='ocrx_word' id='word_1_171' title='bbox 462 2480 541 2534; x_wconf 88' lang='lat' dir='ltr'><strong>reote</strong></span> <span class='ocrx_word' id='word_1_172' title='bbox 562 2495 608 2534; x_wconf 90' lang='lat' dir='ltr'><strong>res</strong></span> <span class='ocrx_word' id='word_1_173' title='bbox 630 2495 660 2534; x_wconf 88' lang='lat' dir='ltr'><strong>se</strong></span> <span class='ocrx_word' id='word_1_174' title='bbox 682 2474 827 2546; x_wconf 87' lang='lat' dir='ltr'><strong>babuerit,</strong></span> <span class='ocrx_word' id='word_1_175' title='bbox 851 2475 975 2533; x_wconf 91' lang='lat' dir='ltr'><strong>dubium</strong></span> <span class='ocrx_word' id='word_1_176' title='bbox 996 2493 1054 2534; x_wconf 92' lang='lat' dir='ltr'><strong>non</strong></span> <span class='ocrx_word' id='word_1_177' title='bbox 1076 2479 1130 2533; x_wconf 89' lang='lat' dir='ltr'><strong>est.</strong></span> 
     </span>
    </p>

    <p class='ocr_par' dir='ltr' id='par_1_5' title="bbox 204 2573 1274 3038">
     <span class='ocr_line' id='line_1_22' title="bbox 246 2573 1273 2649; baseline 0 -19"><span class='ocrx_word' id='word_1_178' title='bbox 246 2574 303 2631; x_wconf 83' lang='lat' dir='ltr'><strong>Sed</strong></span> <span class='ocrx_word' id='word_1_179' title='bbox 329 2578 398 2631; x_wconf 91' lang='lat' dir='ltr'><strong>sunt</strong></span> <span class='ocrx_word' id='word_1_180' title='bbox 419 2574 470 2648; x_wconf 90' lang='lat' dir='ltr'><strong>qui</strong></span> <span class='ocrx_word' id='word_1_181' title='bbox 492 2574 667 2648; x_wconf 79' lang='lat' dir='ltr'><strong>discrepent.</strong></span> <span class='ocrx_word' id='word_1_182' title='bbox 709 2574 842 2631; x_wconf 89' lang='lat' dir='ltr'><strong>Primum</strong></span> <span class='ocrx_word' id='word_1_183' title='bbox 863 2573 1027 2649; x_wconf 84' lang='lat' dir='ltr'><strong>Eutropius</strong></span> <span class='ocrx_word' id='word_1_184' title='bbox 1049 2573 1121 2631; x_wconf 82' lang='lat' dir='ltr'><strong>dicit</strong></span> <span class='ocrx_word' id='word_1_185' title='bbox 1141 2573 1273 2633; x_wconf 82' lang='lat' dir='ltr'><strong>Marium</strong></span> 
     </span>
     <span class='ocr_line' id='line_1_23' title="bbox 206 2670 1274 2745; baseline 0.003 -19"><span class='ocrx_word' id='word_1_186' title='bbox 206 2670 243 2727; x_wconf 86' lang='lat' dir='ltr'><strong>ad</strong></span> <span class='ocrx_word' id='word_1_187' title='bbox 271 2670 373 2745; x_wconf 81' lang='lat' dir='ltr'><strong>Aquas</strong></span> <span class='ocrx_word' id='word_1_188' title='bbox 406 2671 519 2729; x_wconf 84' lang='lat' dir='ltr'><strong>Sextias</strong></span> <span class='ocrx_word' id='word_1_189' title='bbox 542 2672 706 2730; x_wconf 83' lang='lat' dir='ltr'><strong>conflixisse</strong></span> <span class='ocrx_word' id='word_1_190' title='bbox 729 2691 795 2730; x_wconf 86' lang='lat' dir='ltr'><strong>oum</strong></span> <span class='ocrx_word' id='word_1_191' title='bbox 819 2671 943 2730; x_wconf 83' lang='lat' dir='ltr'><strong>Cimbris</strong></span> <span class='ocrx_word' id='word_1_192' title='bbox 965 2670 1001 2742; x_wconf 70' lang='grc'><strong>4).</strong></span> <span class='ocrx_word' id='word_1_193' title='bbox 1043 2670 1155 2729; x_wconf 87' lang='lat' dir='ltr'><strong>Deinde</strong></span> <span class='ocrx_word' id='word_1_194' title='bbox 1177 2671 1274 2730; x_wconf 87' lang='lat' dir='ltr'><strong>Aure·</strong></span> 
     </span>
     <span class='ocr_line' id='line_1_24' title="bbox 205 2767 1272 2847; baseline 0.003 -23"><span class='ocrx_word' id='word_1_195' title='bbox 205 2768 261 2825; x_wconf 89' lang='lat' dir='ltr'><strong>lius</strong></span> <span class='ocrx_word' id='word_1_196' title='bbox 283 2767 388 2825; x_wconf 88' lang='lat' dir='ltr'><strong>Vietor</strong></span> <span class='ocrx_word' id='word_1_197' title='bbox 409 2767 511 2826; x_wconf 89' lang='lat' dir='ltr'><strong>eodem</strong></span> <span class='ocrx_word' id='word_1_198' title='bbox 533 2768 621 2827; x_wconf 91' lang='lat' dir='ltr'><strong>modo</strong></span> <span class='ocrx_word' id='word_1_199' title='bbox 643 2769 751 2827; x_wconf 85' lang='lat' dir='ltr'><strong>erravit</strong></span> <span class='ocrx_word' id='word_1_200' title='bbox 768 2769 802 2843; x_wconf 74' lang='lat'><strong>⁵).</strong></span> <span class='ocrx_word' id='word_1_201' title='bbox 835 2770 1011 2845; x_wconf 86' lang='lat' dir='ltr'><strong>Polyaenus,</strong></span> <span class='ocrx_word' id='word_1_202' title='bbox 1031 2768 1082 2847; x_wconf 86' lang='lat' dir='ltr'><strong>qui</strong></span> <span class='ocrx_word' id='word_1_203' title='bbox 1092 2768 1130 2826; x_wconf 88' lang='lat' dir='ltr'><strong>ad</strong></span> <span class='ocrx_word' id='word_1_204' title='bbox 1141 2768 1272 2844; x_wconf 81' lang='lat' dir='ltr'><strong>Campos</strong></span> 
     </span>
     <span class='ocr_line' id='line_1_25' title="bbox 205 2864 1271 2942; baseline 0.001 -20"><span class='ocrx_word' id='word_1_205' title='bbox 205 2864 335 2924; x_wconf 81' lang='lat' dir='ltr'><strong>Raudios</strong></span> <span class='ocrx_word' id='word_1_206' title='bbox 356 2868 435 2923; x_wconf 83' lang='lat' dir='ltr'><strong>reete</strong></span> <span class='ocrx_word' id='word_1_207' title='bbox 456 2866 588 2924; x_wconf 88' lang='lat' dir='ltr'><strong>nominat</strong></span> <span class='ocrx_word' id='word_1_208' title='bbox 609 2866 743 2927; x_wconf 80' lang='lat' dir='ltr'><strong>Cimbros</strong></span> <span class='ocrx_word' id='word_1_209' title='bbox 765 2867 852 2936; x_wconf 91' lang='lat' dir='ltr'><strong>solos,</strong></span> <span class='ocrx_word' id='word_1_210' title='bbox 872 2866 908 2924; x_wconf 86' lang='lat' dir='ltr'><strong>ad</strong></span> <span class='ocrx_word' id='word_1_211' title='bbox 927 2868 1031 2942; x_wconf 89' lang='lat' dir='ltr'><strong>Aquas</strong></span> <span class='ocrx_word' id='word_1_212' title='bbox 1042 2866 1157 2925; x_wconf 83' lang='lat' dir='ltr'><strong>Sextias</strong></span> <span class='ocrx_word' id='word_1_213' title='bbox 1170 2870 1271 2927; x_wconf 86' lang='lat' dir='ltr'><strong>tamen</strong></span> 
     </span>
     <span class='ocr_line' id='line_1_26' title="bbox 204 2963 1270 3038; baseline 0.002 -19"><span class='ocrx_word' id='word_1_214' title='bbox 204 2983 357 3037; x_wconf 83' lang='lat' dir='ltr'><strong>perperam</strong></span> <span class='ocrx_word' id='word_1_215' title='bbox 379 2963 541 3022; x_wconf 83' lang='lat' dir='ltr'><strong>nominavit</strong></span> <span class='ocrx_word' id='word_1_216' title='bbox 562 2969 593 3022; x_wconf 90' lang='lat' dir='ltr'><strong>et</strong></span> <span class='ocrx_word' id='word_1_217' title='bbox 613 2963 747 3023; x_wconf 76' lang='lat' dir='ltr'><strong>Cimbros</strong></span> <span class='ocrx_word' id='word_1_218' title='bbox 770 2968 800 3023; x_wconf 88' lang='lat' dir='ltr'><strong>et</strong></span> <span class='ocrx_word' id='word_1_219' title='bbox 820 2965 971 3024; x_wconf 85' lang='lat' dir='ltr'><strong>Teutonos</strong></span> <span class='ocrx_word' id='word_1_220' title='bbox 983 2964 1016 3038; x_wconf 80' lang='grc'><strong>6).</strong></span> <span class='ocrx_word' id='word_1_221' title='bbox 1043 2964 1179 3037; x_wconf 88' lang='lat' dir='ltr'><strong>Denique</strong></span> <span class='ocrx_word' id='word_1_222' title='bbox 1197 2963 1270 3022; x_wconf 89' lang='lat' dir='ltr'><strong>Oro·</strong></span> 
     </span>
    </p>
   </div>
   <div class='ocr_carea' id='block_1_3' title="bbox 206 3168 408 3176">
    <p class='ocr_par' dir='ltr' id='par_1_6' title="bbox 206 3168 408 3176">
     <span class='ocr_line' id='line_1_27' title="bbox 206 3168 408 3176; baseline 0.005 -1"><span class='ocrx_word' id='word_1_223' title='bbox 206 3168 408 3176; x_wconf 77' lang='lat'><em>-——-—-...-</em></span> 
     </span>
    </p>
   </div>
   <div class='ocr_carea' id='block_1_4' title="bbox 204 3289 1269 4370">
    <p class='ocr_par' dir='ltr' id='par_1_7' title="bbox 204 3289 1269 4370">
     <span class='ocr_line' id='line_1_28' title="bbox 241 3289 1269 3359; baseline 0 -21"><span class='ocrx_word' id='word_1_224' title='bbox 241 3289 258 3350; x_wconf 73' lang='lat'><strong>¹)</strong></span> <span class='ocrx_word' id='word_1_225' title='bbox 287 3291 354 3352; x_wconf 70' lang='lat' dir='ltr'><strong>„vo&#39;rr</strong></span> <span class='ocrx_word' id='word_1_226' title='bbox 382 3289 413 3336; x_wconf 64' lang='lat' dir='ltr'><strong>ol</strong></span> <span class='ocrx_word' id='word_1_227' title='bbox 441 3292 580 3357; x_wconf 69' lang='grc' dir='ltr'><strong>βαρβάρων</strong></span> <span class='ocrx_word' id='word_1_228' title='bbox 608 3289 752 3339; x_wconf 68' lang='grc' dir='ltr'><em>διελόντων</em></span> <span class='ocrx_word' id='word_1_229' title='bbox 779 3293 842 3350; x_wconf 75' lang='grc' dir='ltr'><strong>σφὰς</strong></span> <span class='ocrx_word' id='word_1_230' title='bbox 869 3291 969 3348; x_wconf 67' lang='grc' dir='ltr'><em>αὐτοὺς</em></span> <span class='ocrx_word' id='word_1_231' title='bbox 988 3290 1064 3357; x_wconf 70' lang='grc' dir='ltr'><strong><em>δίχα,</em></strong></span> <span class='ocrx_word' id='word_1_232' title='bbox 1084 3291 1202 3359; x_wconf 72' lang='grc' dir='ltr'><em>Κίμβροι</em></span> <span class='ocrx_word' id='word_1_233' title='bbox 1220 3289 1269 3350; x_wconf 69' lang='grc' dir='ltr'><strong>μὲν</strong></span> 
     </span>
     <span class='ocr_line' id='line_1_29' title="bbox 206 3373 1268 3443; baseline 0.001 -22"><span class='ocrx_word' id='word_1_234' title='bbox 206 3373 320 3440; x_wconf 65' lang='grc' dir='ltr'><em>,,ἑ’λιιχον</em></span> <span class='ocrx_word' id='word_1_235' title='bbox 347 3374 395 3422; x_wconf 74' lang='grc' dir='ltr'><strong>διὰ</strong></span> <span class='ocrx_word' id='word_1_236' title='bbox 420 3375 542 3440; x_wconf 74' lang='grc' dir='ltr'><em>Νωρικῶν</em></span> <span class='ocrx_word' id='word_1_237' title='bbox 561 3374 666 3423; x_wconf 68' lang='grc' dir='ltr'><em>ἄνωθεν</em></span> <span class='ocrx_word' id='word_1_238' title='bbox 685 3376 729 3424; x_wconf 67' lang='grc' dir='ltr'><strong>ἐπὶ</strong></span> <span class='ocrx_word' id='word_1_239' title='bbox 748 3375 858 3424; x_wconf 72' lang='grc' dir='ltr'><em>Κάτλον</em></span> <span class='ocrx_word' id='word_1_240' title='bbox 876 3383 1062 3443; x_wconf 69' lang='grc' dir='ltr'><em>χωρεῖν....,</em></span> <span class='ocrx_word' id='word_1_241' title='bbox 1084 3375 1218 3431; x_wconf 58' lang='lat' dir='ltr'><strong>Tricores</strong></span> <span class='ocrx_word' id='word_1_242' title='bbox 1237 3373 1268 3422; x_wconf 73' lang='grc' dir='ltr'><strong>δὲ</strong></span> 
     </span>
     <span class='ocr_line' id='line_1_30' title="bbox 206 3457 1268 3526; baseline 0.004 -22"><span class='ocrx_word' id='word_1_243' title='bbox 206 3460 267 3521; x_wconf 68' lang='lat' dir='ltr'><strong>„aaz</strong></span> <span class='ocrx_word' id='word_1_244' title='bbox 284 3457 440 3525; x_wconf 62' lang='lat' dir='ltr'><strong>&#39;&#39;Airppnrrrs</strong></span> <span class='ocrx_word' id='word_1_245' title='bbox 459 3458 506 3506; x_wconf 79' lang='grc' dir='ltr'><strong>διὰ</strong></span> <span class='ocrx_word' id='word_1_246' title='bbox 523 3460 632 3522; x_wconf 59' lang='grc' dir='ltr'><strong>Λιγύων</strong></span> <span class='ocrx_word' id='word_1_247' title='bbox 650 3461 694 3508; x_wconf 66' lang='lat' dir='ltr'><strong>aaz</strong></span> <span class='ocrx_word' id='word_1_248' title='bbox 713 3460 819 3526; x_wconf 79' lang='grc' dir='ltr'><em>Μάριον</em></span> <span class='ocrx_word' id='word_1_249' title='bbox 837 3463 910 3526; x_wconf 69' lang='grc' dir='ltr'><strong>παρὰ</strong></span> <span class='ocrx_word' id='word_1_250' title='bbox 928 3460 1081 3509; x_wconf 75' lang='grc' dir='ltr'><em>θάλατταν.</em></span> <span class='ocrx_word' id='word_1_251' title='bbox 1117 3460 1175 3508; x_wconf 82' lang='grc' dir='ltr'><strong>Καὶ</strong></span> <span class='ocrx_word' id='word_1_252' title='bbox 1193 3460 1268 3519; x_wconf 65' lang='lat' dir='ltr'><strong>Kip-</strong></span> 
     </span>
     <span class='ocr_line' id='line_1_31' title="bbox 206 3541 1268 3610; baseline 0.006 -23"><span class='ocrx_word' id='word_1_253' title='bbox 206 3545 295 3608; x_wconf 61' lang='lat' dir='ltr'><strong>„239th</strong></span> <span class='ocrx_word' id='word_1_254' title='bbox 312 3541 359 3602; x_wconf 72' lang='lat' dir='ltr'><strong>pie</strong></span> <span class='ocrx_word' id='word_1_255' title='bbox 376 3543 481 3606; x_wconf 67' lang='grc' dir='ltr'><strong>ἐγένετο</strong></span> <span class='ocrx_word' id='word_1_256' title='bbox 499 3543 596 3592; x_wconf 67' lang='grc' dir='ltr'><em>πλοίων</em></span> <span class='ocrx_word' id='word_1_257' title='bbox 615 3545 630 3608; x_wconf 84' lang='grc' dir='ltr'><em>ἡ</em></span> <span class='ocrx_word' id='word_1_258' title='bbox 650 3544 783 3610; x_wconf 66' lang='grc' dir='ltr'><strong>διατριβὴ</strong></span> <span class='ocrx_word' id='word_1_259' title='bbox 803 3547 848 3591; x_wconf 79' lang='grc' dir='ltr'><strong>καὶ</strong></span> <span class='ocrx_word' id='word_1_260' title='bbox 866 3543 1016 3609; x_wconf 71' lang='grc' dir='ltr'><em>μέλλησις.”</em></span> <span class='ocrx_word' id='word_1_261' title='bbox 1035 3580 1063 3587; x_wconf 90' lang='grc'><strong>-</strong></span> <span class='ocrx_word' id='word_1_262' title='bbox 1097 3545 1115 3608; x_wconf 75' lang='grc' dir='ltr'><strong>ς’)</strong></span> <span class='ocrx_word' id='word_1_263' title='bbox 1133 3554 1201 3602; x_wconf 79' lang='lat' dir='ltr'><strong>Flor,</strong></span> <span class='ocrx_word' id='word_1_264' title='bbox 1220 3552 1268 3608; x_wconf 81' lang='grc' dir='ltr'>ΙΙΙ,</span> 
     </span>
     <span class='ocr_line' id='line_1_32' title="bbox 205 3627 1267 3696; baseline 0.005 -17"><span class='ocrx_word' id='word_1_265' title='bbox 205 3637 228 3687; x_wconf 88' lang='grc'><strong>3,</strong></span> <span class='ocrx_word' id='word_1_266' title='bbox 248 3637 261 3679; x_wconf 90' lang='grc'>8</span> <span class='ocrx_word' id='word_1_267' title='bbox 280 3637 305 3680; x_wconf 87' lang='lat' dir='ltr'><strong>et</strong></span> <span class='ocrx_word' id='word_1_268' title='bbox 324 3637 362 3680; x_wconf 93' lang='lat'><strong>11.</strong></span> <span class='ocrx_word' id='word_1_269' title='bbox 390 3660 419 3668; x_wconf 90' lang='lat'><strong>—-</strong></span> <span class='ocrx_word' id='word_1_270' title='bbox 449 3627 713 3693; x_wconf 77' lang='lat' dir='ltr'><strong>³)Fr0nt.11‚4,6;</strong></span> <span class='ocrx_word' id='word_1_271' title='bbox 737 3637 771 3692; x_wconf 89' lang='grc' dir='ltr'><strong>ΙΙ,</strong></span> <span class='ocrx_word' id='word_1_272' title='bbox 791 3639 812 3694; x_wconf 83' lang='lat'><strong>9,</strong></span> <span class='ocrx_word' id='word_1_273' title='bbox 833 3639 862 3693; x_wconf 90' lang='lat'><strong>1;</strong></span> <span class='ocrx_word' id='word_1_274' title='bbox 887 3638 929 3693; x_wconf 89' lang='lat' dir='ltr'><strong>IV,</strong></span> <span class='ocrx_word' id='word_1_275' title='bbox 948 3638 971 3693; x_wconf 81' lang='lat'><strong>7,</strong></span> <span class='ocrx_word' id='word_1_276' title='bbox 990 3640 1018 3694; x_wconf 82' lang='lat'><strong>53</strong></span> <span class='ocrx_word' id='word_1_277' title='bbox 1043 3638 1105 3685; x_wconf 84' lang='lat' dir='ltr'><strong>vell.</strong></span> <span class='ocrx_word' id='word_1_278' title='bbox 1124 3639 1157 3695; x_wconf 93' lang='lat' dir='ltr'><strong>II,</strong></span> <span class='ocrx_word' id='word_1_279' title='bbox 1177 3641 1217 3696; x_wconf 85' lang='lat'><strong>12,</strong></span> <span class='ocrx_word' id='word_1_280' title='bbox 1235 3640 1250 3683; x_wconf 87' lang='lat'>4</span> <span class='ocrx_word' id='word_1_281' title='bbox 1260 3651 1267 3694; x_wconf 92' lang='lat'>;</span> 
     </span>
     <span class='ocr_line' id='line_1_33' title="bbox 204 3720 1268 3782; baseline 0.002 -16"><span class='ocrx_word' id='word_1_282' title='bbox 204 3720 296 3778; x_wconf 82' lang='lat' dir='ltr'><strong>Obseq.</strong></span> <span class='ocrx_word' id='word_1_283' title='bbox 324 3721 387 3775; x_wconf 81' lang='lat'>104;</span> <span class='ocrx_word' id='word_1_284' title='bbox 414 3721 470 3766; x_wconf 76' lang='lat' dir='ltr'><strong>Lis.</strong></span> <span class='ocrx_word' id='word_1_285' title='bbox 496 3734 534 3780; x_wconf 85' lang='lat' dir='ltr'><strong>ep.</strong></span> <span class='ocrx_word' id='word_1_286' title='bbox 554 3723 584 3767; x_wconf 84' lang='lat'><strong>68</strong></span> <span class='ocrx_word' id='word_1_287' title='bbox 605 3722 646 3777; x_wconf 69' lang='lat' dir='ltr'><strong>„Q</strong></span> <span class='ocrx_word' id='word_1_288' title='bbox 665 3722 761 3767; x_wconf 82' lang='lat' dir='ltr'><strong>Marius</strong></span> <span class='ocrx_word' id='word_1_289' title='bbox 780 3734 831 3766; x_wconf 81' lang='lat' dir='ltr'><strong>eos.</strong></span> <span class='ocrx_word' id='word_1_290' title='bbox 850 3735 949 3767; x_wconf 84' lang='lat' dir='ltr'><strong>summa</strong></span> <span class='ocrx_word' id='word_1_291' title='bbox 965 3722 991 3768; x_wconf 85' lang='lat' dir='ltr'><strong>vi</strong></span> <span class='ocrx_word' id='word_1_292' title='bbox 1009 3724 1155 3782; x_wconf 78' lang='lat' dir='ltr'><strong>oppugnata</strong></span> <span class='ocrx_word' id='word_1_293' title='bbox 1172 3737 1187 3767; x_wconf 83' lang='lat' dir='ltr'><strong>a</strong></span> <span class='ocrx_word' id='word_1_294' title='bbox 1203 3724 1268 3768; x_wconf 81' lang='lat' dir='ltr'><strong>&#39;Peu-</strong></span> 
     </span>
     <span class='ocr_line' id='line_1_34' title="bbox 206 3802 1267 3866; baseline 0.003 -17"><span class='ocrx_word' id='word_1_295' title='bbox 206 3805 289 3860; x_wconf 83' lang='lat' dir='ltr'><strong>,tonis</strong></span> <span class='ocrx_word' id='word_1_296' title='bbox 307 3807 332 3849; x_wconf 90' lang='lat' dir='ltr'><strong>et</strong></span> <span class='ocrx_word' id='word_1_297' title='bbox 349 3804 520 3851; x_wconf 79' lang='lat' dir='ltr'><strong>Ambronibus</strong></span> <span class='ocrx_word' id='word_1_298' title='bbox 538 3809 621 3852; x_wconf 82' lang='lat' dir='ltr'><strong>castra</strong></span> <span class='ocrx_word' id='word_1_299' title='bbox 639 3805 786 3864; x_wconf 82' lang='lat' dir='ltr'><strong>defendit&#39;’;</strong></span> <span class='ocrx_word' id='word_1_300' title='bbox 805 3802 873 3859; x_wconf 86' lang='lat' dir='ltr'><strong>(vide</strong></span> <span class='ocrx_word' id='word_1_301' title='bbox 891 3820 968 3866; x_wconf 86' lang='lat' dir='ltr'><strong>supra</strong></span> <span class='ocrx_word' id='word_1_302' title='bbox 976 3820 1001 3866; x_wconf 89' lang='lat' dir='ltr'><strong>p.</strong></span> <span class='ocrx_word' id='word_1_303' title='bbox 1014 3808 1060 3852; x_wconf 90' lang='grc'><strong>106</strong></span> <span class='ocrx_word' id='word_1_304' title='bbox 1076 3807 1133 3852; x_wconf 81' lang='lat' dir='ltr'><strong>adn.</strong></span> <span class='ocrx_word' id='word_1_305' title='bbox 1145 3808 1157 3852; x_wconf 93' lang='lat'>1</span> <span class='ocrx_word' id='word_1_306' title='bbox 1169 3810 1195 3853; x_wconf 84' lang='lat' dir='ltr'><strong>et</strong></span> <span class='ocrx_word' id='word_1_307' title='bbox 1204 3807 1267 3853; x_wconf 90' lang='lat' dir='ltr'><strong>ibid.</strong></span> 
     </span>
     <span class='ocr_line' id='line_1_35' title="bbox 205 3881 1267 3949; baseline 0.002 -15"><span class='ocrx_word' id='word_1_308' title='bbox 205 3890 261 3935; x_wconf 86' lang='lat' dir='ltr'><strong>adn.</strong></span> <span class='ocrx_word' id='word_1_309' title='bbox 280 3892 303 3935; x_wconf 83' lang='lat'><strong>2.</strong></span> <span class='ocrx_word' id='word_1_310' title='bbox 332 3914 361 3920; x_wconf 95' lang='lat'><em>-</em></span> <span class='ocrx_word' id='word_1_311' title='bbox 389 3881 408 3943; x_wconf 83' lang='lat'><strong>⁴)</strong></span> <span class='ocrx_word' id='word_1_312' title='bbox 426 3890 497 3936; x_wconf 84' lang='lat' dir='ltr'><strong>Eutr.</strong></span> <span class='ocrx_word' id='word_1_313' title='bbox 514 3891 543 3946; x_wconf 88' lang='lat' dir='ltr'><strong>V,</strong></span> <span class='ocrx_word' id='word_1_314' title='bbox 563 3894 585 3945; x_wconf 86' lang='lat'><strong>1,</strong></span> <span class='ocrx_word' id='word_1_315' title='bbox 603 3893 626 3936; x_wconf 84' lang='lat'><strong>4.</strong></span> <span class='ocrx_word' id='word_1_316' title='bbox 647 3917 676 3923; x_wconf 97' lang='lat'>—</span> <span class='ocrx_word' id='word_1_317' title='bbox 706 3882 882 3944; x_wconf 80' lang='lat' dir='ltr'><strong>⁶)Aur.Vict.</strong></span> <span class='ocrx_word' id='word_1_318' title='bbox 903 3891 1119 3938; x_wconf 68' lang='lat' dir='ltr'><strong>deviantur.</strong></span> <span class='ocrx_word' id='word_1_319' title='bbox 1156 3891 1267 3949; x_wconf 80' lang='lat' dir='ltr'><strong>,Marius</strong></span> 
     </span>
     <span class='ocr_line' id='line_1_36' title="bbox 206 3974 1267 4035; baseline 0.001 -16"><span class='ocrx_word' id='word_1_320' title='bbox 206 3974 337 4029; x_wconf 83' lang='lat' dir='ltr'><strong>„Cimbros</strong></span> <span class='ocrx_word' id='word_1_321' title='bbox 363 3974 389 4019; x_wconf 90' lang='lat' dir='ltr'><strong>in</strong></span> <span class='ocrx_word' id='word_1_322' title='bbox 416 3975 498 4020; x_wconf 84' lang='lat' dir='ltr'><strong>Gallia</strong></span> <span class='ocrx_word' id='word_1_323' title='bbox 524 3976 590 4033; x_wconf 88' lang='lat' dir='ltr'><strong>apud</strong></span> <span class='ocrx_word' id='word_1_324' title='bbox 616 3976 701 4035; x_wconf 84' lang='lat' dir='ltr'><strong>Aquas</strong></span> <span class='ocrx_word' id='word_1_325' title='bbox 719 3976 825 4032; x_wconf 81' lang='lat' dir='ltr'><strong>Sextias,</strong></span> <span class='ocrx_word' id='word_1_326' title='bbox 844 3978 973 4022; x_wconf 81' lang='lat' dir='ltr'><strong>Teutonos</strong></span> <span class='ocrx_word' id='word_1_327' title='bbox 992 3976 1018 4020; x_wconf 89' lang='lat' dir='ltr'><strong>in</strong></span> <span class='ocrx_word' id='word_1_328' title='bbox 1035 3975 1110 4021; x_wconf 82' lang='lat' dir='ltr'><strong>Italia</strong></span> <span class='ocrx_word' id='word_1_329' title='bbox 1128 3975 1154 4022; x_wconf 92' lang='lat' dir='ltr'><strong>in</strong></span> <span class='ocrx_word' id='word_1_330' title='bbox 1173 3976 1267 4034; x_wconf 84' lang='lat' dir='ltr'><strong>Campo</strong></span> 
     </span>
     <span class='ocr_line' id='line_1_37' title="bbox 206 4051 1267 4118; baseline 0.002 -14"><span class='ocrx_word' id='word_1_331' title='bbox 206 4059 318 4113; x_wconf 84' lang='lat' dir='ltr'><strong>„Raudio</strong></span> <span class='ocrx_word' id='word_1_332' title='bbox 336 4057 423 4105; x_wconf 86' lang='lat' dir='ltr'><strong>vioit’&#39;.</strong></span> <span class='ocrx_word' id='word_1_333' title='bbox 442 4084 471 4092; x_wconf 88' lang='lat'><strong>—</strong></span> <span class='ocrx_word' id='word_1_334' title='bbox 493 4051 511 4113; x_wconf 79' lang='lat'><strong>⁶]</strong></span> <span class='ocrx_word' id='word_1_335' title='bbox 529 4060 646 4118; x_wconf 84' lang='lat' dir='ltr'><strong>Polyaeu.</strong></span> <span class='ocrx_word' id='word_1_336' title='bbox 666 4061 734 4116; x_wconf 76' lang='lat' dir='ltr'><strong>rm,</strong></span> <span class='ocrx_word' id='word_1_337' title='bbox 754 4063 792 4118; x_wconf 86' lang='lat'><strong>10,</strong></span> <span class='ocrx_word' id='word_1_338' title='bbox 812 4063 824 4106; x_wconf 94' lang='lat'>1</span> <span class='ocrx_word' id='word_1_339' title='bbox 844 4064 870 4107; x_wconf 86' lang='lat' dir='ltr'><strong>et</strong></span> <span class='ocrx_word' id='word_1_340' title='bbox 888 4064 901 4106; x_wconf 79' lang='lat'><strong>2</strong></span> <span class='ocrx_word' id='word_1_341' title='bbox 908 4075 914 4117; x_wconf 82' lang='lat'>3</span> <span class='ocrx_word' id='word_1_342' title='bbox 933 4061 978 4106; x_wconf 83' lang='lat' dir='ltr'><strong>sed</strong></span> <span class='ocrx_word' id='word_1_343' title='bbox 996 4060 1267 4107; x_wconf 82' lang='lat' dir='ltr'><strong>lieetfortasseeonii-</strong></span> 
     </span>
     <span class='ocr_line' id='line_1_38' title="bbox 205 4137 1266 4205; baseline 0 -19"><span class='ocrx_word' id='word_1_344' title='bbox 205 4157 261 4189; x_wconf 84' lang='lat' dir='ltr'><strong>cere</strong></span> <span class='ocrx_word' id='word_1_345' title='bbox 278 4144 345 4202; x_wconf 86' lang='lat' dir='ltr'><strong>apud</strong></span> <span class='ocrx_word' id='word_1_346' title='bbox 363 4142 516 4203; x_wconf 81' lang='lat' dir='ltr'><strong>Polyaenum</strong></span> <span class='ocrx_word' id='word_1_347' title='bbox 534 4142 547 4199; x_wconf 63' lang='grc' dir='ltr'><strong>ἓ</strong></span> <span class='ocrx_word' id='word_1_348' title='bbox 566 4137 594 4190; x_wconf 84' lang='lat'><strong>2⁰</strong></span> <span class='ocrx_word' id='word_1_349' title='bbox 610 4159 657 4204; x_wconf 82' lang='lat' dir='ltr'><strong>pro</strong></span> <span class='ocrx_word' id='word_1_350' title='bbox 677 4138 796 4205; x_wconf 63' lang='lat' dir='ltr'><strong>„Mauros</strong></span> <span class='ocrx_word' id='word_1_351' title='bbox 816 4138 841 4185; x_wconf 88' lang='grc' dir='ltr'><em>Τ</em></span> <span class='ocrx_word' id='word_1_352' title='bbox 842 4138 932 4186; x_wconf 64' lang='lat' dir='ltr'><strong>airaon</strong></span> <span class='ocrx_word' id='word_1_353' title='bbox 951 4141 996 4184; x_wconf 80' lang='grc' dir='ltr'><strong>καὶ</strong></span> <span class='ocrx_word' id='word_1_354' title='bbox 1011 4137 1266 4204; x_wconf 71' lang='grc' dir='ltr'><em>Κιμβρίοιςμὲλλιοο</em></span> 
     </span>
     <span class='ocr_line' id='line_1_39' title="bbox 206 4219 1266 4290; baseline 0.004 -24"><span class='ocrx_word' id='word_1_355' title='bbox 206 4219 400 4283; x_wconf 63' lang='lat' dir='ltr'><strong>„ovpssddtuv”</strong></span> <span class='ocrx_word' id='word_1_356' title='bbox 427 4229 562 4286; x_wconf 78' lang='lat' dir='ltr'><strong>legendum</strong></span> <span class='ocrx_word' id='word_1_357' title='bbox 588 4243 658 4276; x_wconf 83' lang='lat' dir='ltr'><strong>esse:</strong></span> <span class='ocrx_word' id='word_1_358' title='bbox 687 4223 819 4285; x_wconf 59' lang='lat' dir='ltr'><strong>„Tria-002</strong></span> <span class='ocrx_word' id='word_1_359' title='bbox 839 4224 884 4268; x_wconf 77' lang='lat' dir='ltr'><strong>zui</strong></span> <span class='ocrx_word' id='word_1_360' title='bbox 902 4220 1067 4290; x_wconf 74' lang='grc' dir='ltr'><strong>”Αμβρωσι”,</strong></span> <span class='ocrx_word' id='word_1_361' title='bbox 1111 4232 1266 4278; x_wconf 72' lang='lat' dir='ltr'><strong>Litterarum</strong></span> 
     </span>
     <span class='ocr_line' id='line_1_40' title="bbox 204 4313 546 4370; baseline 0.003 -12"><span class='ocrx_word' id='word_1_362' title='bbox 204 4313 295 4358; x_wconf 86' lang='lat' dir='ltr'><strong>duetus</strong></span> <span class='ocrx_word' id='word_1_363' title='bbox 313 4325 400 4370; x_wconf 84' lang='lat' dir='ltr'><strong>parurn</strong></span> <span class='ocrx_word' id='word_1_364' title='bbox 419 4313 546 4359; x_wconf 80' lang='lat' dir='ltr'><strong>differunt.</strong></span> 
     </span>
    </p>
   </div>
   <div class='ocr_carea' id='block_1_5' title="bbox 0 0 1462 5062">
    <p class='ocr_par' dir='ltr' id='par_1_8' title="bbox 0 0 1462 5062">
     <span class='ocr_line' id='line_1_41' title="bbox 0 0 1462 5062; baseline 0 1"><span class='ocrx_word' id='word_1_365' title='bbox 0 0 1462 5062; x_wconf 95' lang='lat' dir='ltr'><strong> </strong></span> 
     </span>
    </p>
   </div>
  </div>
 </body>
</html>
