2916 5062
328 633 409 690 Plut.
433 634 506 691 Mar.
532 633 576 692 lo.
897 636 966 693 Sall.
990 635 1036 706 82,
1059 638 1086 694 3.

238 743 421 824 „ursulam
441 749 542 826 ἣττων
564 767 615 810 τοῦ
630 753 713 830 (pilo-
782 750 891 821 „Nobis
925 753 996 810 satis
1029 752 1182 826 cognitum
1204 756 1259 819 est,

195 876 271 930 ’,μου
307 855 470 930 γεγόμργο;
496 856 547 914 καὶ
575 879 709 936 πξριπα-
737 849 906 919 „Metellum
928 851 1022 925 magis
1043 851 1154 908 llOssOl'e
1173 851 1262 908 Mal'll

194 965 283 1039 ”pm
309 961 357 1021 ὅτι
375 1006 481 1020 ,,,,,
497 966 562 1042 ἣκει
586 963 843 1042 pq(29103„quam
882 947 988 1006 iniuria
1027 969 1080 1007 sua
1112 950 1259 1021 excrucia,-

194 1067 264 1146 „e‘at
298 1067 351 1128 τὸν
386 1065 543 1149 στέφανον
575 1068 627 1129 καὶ
660 1069 712 1130 τὸν
739 1048 849 1117 „tum”

195 1172 372 1255 πθριόῃιιβον
393 1219 400 1232 .
417 1219 424 1232 .
440 1177 469 1234 .”

230 1281 285 1338 Illa
306 1282 395 1339 etiam
417 1282 569 1357 aptissime
591 1281 620 1338 in
642 1281 740 1341 virum
762 1280 880 1351 cadunt,
904 1281 963 1355 qui,
986 1284 1021 1340 ut
1042 1281 1182 1354 Rutilius,
1205 1303 1260 1358 op·

191 1379 341 1438 timatium
363 1380 481 1455 quidem
504 1399 623 1438 causam
644 1379 714 1452 egit,
738 1379 790 1437 sed
810 1378 925 1437 modice
947 1382 976 1438 ct
997 1381 1120 1454 integre.

230 1476 328 1534 Etiam
360 1473 524 1535 Diodorus
556 1477 701 1552 quaedam
733 1477 768 1534 de
798 1476 893 1547 Marii,
915 1477 1027 1536 Metelli
1047 1478 1147 1553 legati,
1169 1477 1260 1537 rebus

191 1575 282 1649 gestis
304 1574 426 1633 tradidit
439 1576 470 1649 1).
502 1575 584 1632 Haec
607 1590 786 1648 quamquam
809 1594 876 1632 cum
897 1576 1057 1634 Plutarcho
1080 1595 1138 1635 non
1160 1595 1260 1634 neces·

191 1673 265 1731 sarie
296 1677 432 1747 pugnant
462 1675 557 1731 multa
588 1676 688 1731 tamen
718 1673 748 1730 in
777 1673 818 1731 eis
846 1673 956 1744 insunt,
990 1675 1155 1749 exquibus
1178 1675 1259 1732 illius

191 1770 304 1828 fontem
325 1790 420 1845 neque
442 1770 568 1856 eundem
590 1771 641 1846 qui
663 1771 816 1830 Plutarchi
837 1790 931 1847 neque
954 1772 1005 1847 qui
1023 1771 1156 1831 Sallustii
1167 1773 1259 1830 fuisse

86 1893 93 1902 ·
191 1871 322 1943 apparet.
365 1869 447 1926 Inest
478 1868 652 1943 gravissima
684 1867 828 1927 acerbitas
860 1869 1001 1927 adversus
1029 1870 1141 1928 nobiles
1164 1869 1258 1944 despi-

193 1973 301 2032 cientes
323 1973 450 2031 Marium
472 1970 552 2048 q‘uod
574 1973 802 2049 publicanorum
819 1975 885 2033 loco
903 1980 990 2034 natus
1003 1979 1074 2046 erat,
1087 1964 1258 2051 („don(br”‚

192 2078 242 2148 ait,
268 2068 450 2149 „yeyora'rot
478 2068 718 2155 δημοσιωνης”,)
751 2080 858 2138 additis
894 2081 1009 2155 magnis
1041 2085 1071 2139 et
1102 2082 1131 2138 in
1163 2081 1259 2140 maius

194 2184 288 2242 auctis
310 2184 448 2242 laudibus
470 2184 564 2256 Marii,
588 2187 639 2261 qni
661 2187 741 2245 solus
764 2206 780 2243 a
805 2177 948 2259 ῥαθυμίᾳ
970 2191 998 2245 et
1019 2181 1160 2261 ῥᾳστωνῇ
1177 2189 1259 2247 nobi·

192 2274 263 2339 lium
287 2283 374 2356 longe
396 2282 507 2340 distans
530 2284 637 2342 colitur
659 2304 675 2340 a
696 2284 840 2343 militibus
862 2288 892 2342 et
913 2285 1096 2344 observatur.
1129 2286 1172 2345 Eo
1195 2287 1259 2345 solo

193 2379 267 2437 duce
299 2380 407 2438 milites
438 2380 556 2439 fortiter
586 2386 731 2457 pugnant,
764 2382 821 2441 alio
852 2383 957 2457 ignave
991 2403 1020 2441 se
1053 2388 1170 2457 gerunt,
1209 2385 1259 2443 illo

192 2477 341 2551 praesecto
363 2479 504 2536 exercitui
525 2478 634 2537 milites
655 2479 786 2550 vincunt,
809 2480 866 2539 alio
888 2483 1082 2555 superantnr3
1103 2482 1158 2539 hae
1180 2501 1259 2540 men·

193 2574 278 2633 daces
310 2575 442 2645 iniuriae,
475 2595 550 2651 quae
582 2595 702 2652 asperae
732 2577 846 2636 Rutilio
877 2579 976 2653 legato
998 2598 1061 2637 esse
1083 2579 1259 2652 debuerunt,

194 2691 262 2731 sane
293 2691 352 2731 non
383 2693 417 2731 ex
448 2674 512 2732 eius
545 2675 762 2734 commentariis
796 2675 832 2733 ad
860 2676 1023 2735 Diodorum
1051 2682 1258 2751 pervenerunt.

193 2769 277 2828 Licet
296 2771 434 2830 Metellus
456 2772 497 2830 eis
519 2772 615 2830 verbis
637 2792 696 2831 non
717 2774 891 2831 nominatim
913 2774 1103 2848 significetur,
1120 2776 1261 2835 videntur

193 2869 271 2926 idem
292 2868 393 2927 odium
415 2889 516 2946 sapere
539 2871 619 2945 quod
639 2890 709 2945 prae
732 2891 761 2929 se
783 2872 840 2930 fert
861 2872 1016 2947 Appianas
1030 2873 1053 2946 2)
1076 2877 1106 2931 et
1126 2873 1257 2933 redolere

194 2966 279 3023 illum
300 2972 451 3026 auctorem
472 2969 646 3043 popularem
668 2969 719 3043 qui
737 2973 804 3026 ante
816 2969 934 3026 Livium
945 2970 1062 3028 annales
1075 2972 1257 3046 conscripsit.

234 3064 363 3123 Parvula
389 3066 556 3140 fragmenta
593 3065 717 3141 denique
749 3062 866 3123 Dionis
899 3063 1005 3124 Cassii
1036 3087 1111 3143 quae
1143 3074 1260 3128 servata

196 3166 274 3232 sunt,
307 3179 487 3237 quamquam
520 3163 619 3239 aliqua
650 3183 685 3222 ex
715 3169 800 3239 parte
832 3184 900 3222 cum
931 3166 1097 3224 narratione
1125 3165 1259 3225 Sallustii

196 3260 267 3318 satis
289 3260 456 3332 concinunt,
478 3264 579 3319 tamen
600 3262 751 3320 continent
773 3262 916 3336 quasdam
937 3281 983 3321 res
1004 3263 1128 3322 leviores
1151 3264 1259 3324 abhoc

198 3361 317 3417 auctore
339 3359 539 3434 discrepantes
560 3360 608 3417 vel
629 3359 747 3418 alienas.
778 3360 836 3418 Dio
857 3360 1042 3435 paragrapho
1064 3361 1159 3435 prima
1180 3362 1259 3437 frag-

197 3457 289 3514 menti
320 3457 365 3516 87ί
399 3460 552 3515 enumerat
584 3476 618 3515 ea
651 3473 726 3531 quae
758 3457 905 3532 iugurtha
935 3459 1055 3518 Metello
1077 3459 1208 3531 tradidit,
1230 3465 1261 3519 et

198 3553 316 3627 quidem
338 3555 424 3613 haec:
452 3554 577 3625 obsides
600 3574 689 3622 arma,
713 3555 893 3630 elephantos,
916 3557 1058 3631 captivos
1080 3559 1258 3633 transfugas.

197 3650 241 3709 Ut
261 3671 350 3727 supra
371 3653 430 3710 iarn
451 3653 564 3711 dictum
586 3657 632 3710 est
653 3651 677 3724 ³)
699 3652 857 3712 Sallustius
878 3655 902 3727 4)
924 3673 982 3712 non
1000 3654 1130 3726 tradidit,
1143 3656 1260 3714 obsides

199 3751 235 3807 ab
263 3751 327 3825 ipso
355 3751 502 3824 Iugurtha
522 3750 643 3809 Metello
665 3770 728 3809 esso
751 3751 844 3822 datos,
866 3752 967 3825 itaque
987 3753 1044 3812 hoc
1064 3753 1121 3811 Dio
1143 3773 1178 3810 ex
1200 3753 1260 3810 Sal·

199 3849 289 3906 lustio
311 3867 369 3905 nou
389 3848 498 3906 hausit.
540 3848 699 3906 Sallustius
721 3849 810 3906 etiam
831 3868 888 3908 non
911 3850 1010 3921 tradit,
1033 3851 1113 3924 quod
1135 3852 1261 3909 affirmat

201 4074 404 4081 ..—.—

236 4228 254 4291 ¹)
279 4236 354 4283 Diod.
381 4237 421 4293 35,
448 4238 479 4282 88
506 4234 594 4290 (Didot
619 4238 653 4295 11,
679 4251 703 4298 p.
723 4236 788 4295 549).
817 4261 846 4273 -
872 4230 889 4295 2]
908 4241 972 4300 App.
990 4242 1090 4288 Numid.
1109 4245 1122 4287 2
1143 4246 1168 4288 ct
1186 4245 1208 4291 3.
1229 4266 1259 4276 -

202 4311 220 4377 Β)
239 4322 319 4380 Supra
335 4335 359 4380 p.
378 4323 417 4368 36.
438 4346 466 4354 —
487 4313 506 4376 ‘l
524 4322 582 4368 Sall.
602 4324 641 4380 62,
661 4325 683 4370 5.
