2916 5062
695 469 754 530 116

191 633 268 690 enim
300 633 422 707 apparet
450 632 608 706 utramque
630 630 798 705 opinionem
819 629 876 686 iarn
899 628 979 704 apud
1000 630 1150 686 auctorem
1174 646 1257 687 com-

191 717 310 787 munem
342 728 506 799 exstitisse3
538 728 562 785 is
595 726 681 786 dicit:
708 727 897 798 ,consultona
919 725 949 782 id
971 725 1064 800 egerit
1084 725 1258 800 imperator,

195 847 248 899 ,an
275 846 403 886 errorem
431 826 461 883 in
483 826 638 886 consilium
659 824 790 895 verterit,
813 823 966 882 dubiumr.
998 823 1154 882 Praeterea
1176 821 1260 898 quod

191 924 311 984 additur
331 924 366 983 de
388 924 467 983 dicto
489 923 618 1000 quodam
639 922 734 992 Marii,
757 941 817 998 quo
839 922 863 980 is
884 921 1037 997 respondit
1058 921 1096 978 ad
1110 920 1260 996 querellas

191 1013 329 1094 militurn,
362 1041 542 1098 quamquam
563 1021 594 1078 id
614 1039 672 1080 non
695 1020 774 1096 apud
796 1039 897 1080 omnes
920 1019 1031 1078 eisdem
1050 1018 1148 1078 verbis
1169 1018 1261 1076 refer-

191 1123 250 1191 tur,
271 1123 371 1179 tamen
391 1122 454 1178 tam
475 1119 569 1178 simile
591 1125 645 1190 est,
667 1122 703 1177 ut
725 1118 964 1178 communionem
983 1116 1075 1177 tontis
1096 1116 1208 1175 indicet
1225 1116 1259 1190 ¹).

233 1217 302 1294 Gap.
325 1215 377 1276 19.

231 1316 342 1374 Marius
369 1314 462 1391 igitur
488 1333 621 1392 pugnarn
652 1314 762 1373 differri
792 1313 930 1384 malebat,
953 1313 1024 1371 dum
1045 1317 1142 1372 castra
1164 1311 1261 1371 muni-

191 1416 302 1473 rentur.
344 1412 402 1472 Sed
433 1432 575 1489 agasones
607 1417 636 1472 et
667 1413 751 1484 lixae,
774 1412 882 1488 quibus
905 1431 975 1471 cura
996 1412 1200 1471 iumentorum
1230 1413 1262 1468 et

191 1511 306 1587 pecoris
337 1511 419 1571 cordi
450 1514 521 1583 erat,
554 1511 678 1586 arreptis
710 1510 869 1586 ligonibus,
899 1509 1061 1581 securibus,
1083 1509 1191 1584 gladiis
1212 1508 1263 1567 vel

191 1609 294 1681 hastis,
320 1627 424 1668 urceos
445 1612 597 1685 portantes
620 1608 658 1667 ad
677 1609 788 1667 flumen
810 1607 1001 1679 descendunt,
1023 1611 1058 1666 ut
1078 1607 1262 1666 Plutarchus

193 1710 222 1765 et
254 1706 376 1766 Orosius
407 1706 538 1766 tradunt.
579 1707 644 1778 His,
673 1724 741 1766 curn
763 1725 779 1764 a
800 1705 932 1765 barbaris
953 1708 1168 1781 premerentur,
1190 1724 1262 1763 mox

193 1804 301 1863 milites
333 1804 460 1864 Romani
488 1804 597 1863 auxilio
625 1807 793 1876 accurrunt,
815 1804 857 1862 ita
877 1804 959 1879 prior
979 1823 1081 1880 pugna
1102 1803 1264 1862 commissa

193 1904 254 1973 est,
287 1921 346 1979 qua
376 1921 484 1978 magna
515 1921 583 1977 pars
615 1901 811 1973 Ambronum,
840 1901 892 1977 qui
912 1921 947 1961 eo
969 1902 1034 1961 loco
1056 1901 1262 1971 consederant,

194 1999 290 2058 deleta
311 2002 364 2058 est.
406 1999 474 2058 Duo
498 1999 611 2075 proelia
633 1999 669 2057 ad
690 1999 794 2075 Aquas
817 1998 935 2058 Sextias
956 1999 1035 2058 facta
1056 1999 1135 2074 apud
1157 2016 1262 2057 omnes

194 2101 329 2157 auctores
361 2097 586 2172 distinguuntur
606 2097 646 2171 2);
675 2097 797 2156 Orosius
819 2100 899 2157 solus
920 2097 1044 2156 tradidit
1063 2100 1124 2156 tres
1145 2096 1209 2155 dies
1232 2098 1263 2154 et

193 2199 295 2255 noctes
326 2195 501 2270 interposita
531 2194 632 2266 fuisse,
666 2196 793 2253 alterurn
823 2194 969 2270 proelium
997 2197 1104 2271 quarto
1126 2194 1174 2253 die
1196 2212 1261 2253 esse

193 2293 316 2353 sactum.
348 2293 526 2351 Plutarchus
546 2293 671 2368 primam
689 2311 821 2368 pugnam
840 2312 907 2351 cum
919 2292 1121 2352 Ambronibus
1132 2295 1261 2367 gestam,

194 2410 314 2468 operam
335 2390 371 2449 ab
393 2391 512 2450 illorum
533 2390 706 2449 mulieribus
728 2393 875 2463 navatam,
896 2390 1040 2466 prolixius
1062 2390 1229 2466 descripsit.

236 2489 305 2565 (lep.
328 2486 384 2547 20.

234 2587 344 2646 Noctes
375 2586 557 2646 intermissas
589 2607 606 2645 a
637 2586 769 2646 barbaris
801 2586 914 2662 ingenti
942 2587 1068 2647 clamore
1090 2590 1120 2646 et
1140 2587 1263 2647 ululatu

194 2686 347 2745 intestatus
379 2704 442 2744 esse
473 2688 576 2743 narrat
596 2685 784 2756 Plutarchus,
807 2685 880 2744 adeo
894 2688 936 2744 ‘ut
956 2685 1084 2744 Marium
1105 2686 1205 2761 ipsum
1227 2705 1263 2744 ea

191 2802 238 2843 res
269 2789 381 2842 terrore
412 2783 541 2859 quodam
572 2786 713 2842 moveret.
753 2783 838 2841 Hanc
869 2802 932 2842 rem
964 2783 1110 2843 inversam
1135 2783 1263 2842 tradidit

193 2881 371 2952 Frontinus3
393 2880 418 2939 is
440 2880 520 2951 dicit,
542 2880 691 2940 Romanos
712 2880 793 2957 ipsos
814 2880 898 2940 iussu
918 2881 1005 2939 Marii
1029 2881 1171 2953 ,sublatis
1193 2881 1263 2940 sub·

192 2978 279 3055 ,inde
298 2977 475 3037 clamoribus
494 2966 673 3054 perpaucos
692 2997 815 3038 suorum
835 2978 1017 3057 territavisse
1038 2979 1267 3055 insomnemque

195 3077 327 3149 ,hostem
349 3075 518 3149 detinuisse,
540 3096 576 3135 ex
596 3095 631 3136 eo
651 3076 779 3134 Marium
800 3076 975 3136 adsecutum
996 3095 1069 3149 esse,
1088 3081 1124 3136 ut
1135 3080 1262 3152 postero

202 3283 405 3292 ——n——u-

233 3423 251 3486 ¹)
276 3431 428 3478 Plutarchus
455 3443 510 3477 eam
536 3445 589 3478 rem
616 3432 707 3478 melius
725 3445 800 3492 quarn
818 3431 909 3492 reliqui
927 3435 1020 3480 narrat.
1056 3431 1151 3479 Marius
1168 3431 1265 3481 flumen

194 3528 269 3562 manu
287 3516 418 3563 indicans:
439 3509 562 3571 „incidor
581 3508 673 3566 αὐτοῖς
692 3508 791 3574 ἔφησεν·
808 3501 880 3558 εἶναι
897 3507 1067 3558 accersimur
1086 3527 1102 3555 α
1111 3505 1146 3569 lp
1156 3527 1172 3556 u
1181 3529 1198 3559 τ
1207 3529 1219 3559 e
1228 3517 1265 3576 ς”;

196 3601 241 3646 sed
268 3601 339 3648 addit
364 3600 475 3661 primurn
501 3604 584 3648 castra
611 3615 667 3648 ease
690 3603 832 3649 munienda,
868 3602 943 3663 Apud
969 3601 1087 3649 Orosinm
1106 3597 1143 3660 (V,
1164 3605 1187 3659 6,
1207 3599 1265 3656 10);

199 3698 304 3745 „aquam
322 3686 425 3744 quidem
442 3686 468 3731 in
487 3689 625 3746 conspectu
644 3699 701 3732 esse
718 3687 858 3746 respondit,
880 3687 926 3733 aed
944 3700 999 3733 eam
1017 3689 1090 3746 ferro
1107 3700 1166 3733 esse
1183 3687 1267 3734 vindi·

200 3769 346 3828 „candam”,
365 3766 424 3824 (non
441 3773 470 3818 ut
487 3771 638 3817 Plutarchus
657 3772 779 3830 sanguine
797 3768 946 3825 emendam).
973 3772 1110 3818 Frontinus
1120 3767 1164 3829 (II,
1175 3773 1198 3830 7,
1210 3769 1267 3826 12):

200 3855 390 3914 „flagitantibus
416 3869 505 3914 aquam
531 3856 585 3903 suis
611 3855 692 3916 digito
711 3857 811 3903 hostem
829 3857 982 3903 ostendens:
1002 3856 1095 3914 „illinq
1114 3857 1205 3916 inquit,
1223 3870 1266 3916 pe·

201 3940 310 3996 „tenda
335 3939 399 3987 est.”
433 3941 525 3987 Florus
543 3937 599 3998 (III,
617 3943 641 4000 3,
660 3938 701 3996 9]:
730 3955 802 3997 „narn
828 3941 959 4001 flagitante
979 3954 1067 4001 aquarn
1086 3942 1208 3999 exercitu,
1229 3942 1267 3998 „si

202 4025 284 4082 „viri
308 4025 379 4081 estis,
397 4025 487 4084 inquit,
505 4039 536 4071 en
554 4025 607 4071 illic
625 4025 751 4073 habetie.”
769 4027 837 4073 Haec
856 4027 940 4074 omnia
958 4040 989 4072 ex
1006 4040 1055 4072 uno
1073 4026 1144 4074 fonte
1163 4029 1223 4073 sunt
1241 4030 1267 4073 et

199 4111 309 4168 probant
335 4109 537 4156 communionem
563 4111 651 4168 fontis,
677 4111 744 4157 inter
769 4125 858 4158 omnes
884 4111 1022 4171 scriptores
1049 4111 1215 4158 obtinentem.
1236 4135 1266 4146 -

203 4184 221 4248 ²)
239 4194 295 4240 Liv.
322 4207 361 4253 ep.
389 4196 435 4240 68:
464 4194 579 4252 ,duobus
605 4194 711 4254 proeliis
735 4196 801 4242 circa
827 4197 912 4256 Aquas
938 4196 1037 4243 Sextias
1055 4197 1160 4242 eoadem
1178 4196 1267 4243 hostes

202 4276 343 4335 „delevit”;
361 4278 424 4325 Vell.
442 4279 476 4335 11,
496 4281 534 4336 12,
553 4281 585 4326 4:
605 4294 677 4336 „cum
695 4281 817 4328 Teutonis
836 4281 1116 4340 conflixit....priore
1135 4295 1163 4327 ac
1181 4284 1268 4341 poste·

203 4363 285 4422 ,rior-e
303 4361 375 4422 die”;
394 4364 485 4411 Florus
503 4364 666 4412 testinatione
683 4368 815 4426 permotus
833 4366 859 4412 id
877 4379 1074 4414 commemorare
1092 4366 1188 4415 omisit.
