2916 5062
660 467 698 524 39

145 625 242 704 „raud
278 626 330 686 καὶ
363 627 539 709 χαράκωοιν
572 625 665 707 ἔργον
689 629 736 698 ,et
768 646 836 686 sane
865 627 976 686 Marius
1002 627 1112 703 illoque
1134 627 1210 686 aliis-

146 735 441 813 ,συνεφαπτόμενος
456 783 661 800 ,,,,,,,
689 744 763 800 ,que
811 725 994 801 temporibus
1040 725 1211 800 Iugurthini

146 843 279 918 „Tacta
303 842 410 900 πάντα
430 842 530 900 710103„
550 842 568 902 0'
586 845 665 901 Μὰ.
690 822 776 894 ,belli
793 823 907 901 pudore
925 824 1120 899 magisquam
1131 824 1209 883 malo

804 924 869 980 tum
891 921 1063 982 coercebat’'
1086 921 1117 994 1).

146 968 234 1026 »0²⁰3
269 945 321 1006 καὶ
357 941 411 1005 διὰ
446 955 564 1008 τούτων
595 947 666 1017 τούς
691 940 803 994 affirm

146 1055 363 1133 „occurrence
380 1049 586 1135 δημαγωγῶν,
598 1055 676 1137 ταχύ

147 1159 224 1246 Ἰμὲν
255 1154 404 1238 ἐνέπλησε
436 1161 492 1236 τὴν
524 1159 664 1243 Λιβύην,

147 1264 247 1348 ,ταχύ
272 1261 304 1326 δὲ
325 1267 382 1343 τὴν
395 1261 527 1345 Ῥώμην
547 1265 665 1344 ονόμαα

145 1394 219 1451 ,τος
244 1371 296 1432 καὶ
321 1367 425 1450 δόξης,
446 1379 511 1434 τῶν
530 1370 593 1432 dut
613 1388 664 1431 τοῦ

146 1473 381 1559 ποτρατοπέδου
404 1494 469 1547 τοις
491 1485 571 1538 οἴκοι
589 1500 664 1558 ypa-

147 1587 293 1664 ,tpdvrorr
316 1584 358 1654 ὡς
385 1591 439 1644 οὒκ
467 1584 530 1644 ἐστι
554 1581 664 1665 πέρας,

147 1687 232 1772 ,οὐδ’
245 1686 417 1769 ἀπαλλαγὴ
427 1707 516 1750 τοῦ...
527 1686 665 1771 πολέμου

146 1800 206 1880 „pp
231 1799 264 1858 Γ
265 1801 337 1858 άιον
361 1799 492 1877 Μάριον
505 1792 665 1875 ἑλομένοις

146 1903 323 1987 „daurom”

183 2101 255 2159 Illae
283 2118 338 2170 res,
364 2101 400 2157 ut
420 2099 619 2158 manufestum
643 2103 696 2171 est,
719 2100 756 2158 ad
778 2119 963 2159 communem
985 2102 1098 2160 fontem
1118 2102 1206 2161 redu-

141 2200 250 2259 cendae
273 2201 343 2257 sunt
364 2198 528 2272 etreliqua
549 2198 656 2269 omnia,
678 2198 868 2258 aPlutarcho
883 2198 999 2258 duobus
1013 2199 1205 2276 sequentibus

141 2297 289 2374 capitibus
310 2297 437 2366 narrata,
464 2295 586 2354 eandem
609 2296 828 2355 conclusionem
850 2297 988 2356 efficiunt.
1030 2297 1139 2373 Magna
1161 2301 1206 2357 est

141 2396 219 2454 inter
239 2394 432 2453 Plutarchum
455 2396 485 2452 et
506 2393 680 2453 Sallustium
702 2395 864 2465 consensio
886 2397 933 2454 vel
950 2399 1033 2455 tanta
1045 2400 1080 2455 ut
1096 2396 1205 2455 utrius·

143 2513 200 2570 que
221 2493 351 2552 narratio
372 2493 449 2550 inter
471 2511 501 2550 se
514 2492 681 2563 cohaereat3
694 2495 725 2551 at
737 2496 839 2552 contra
850 2496 933 2552 tanta
945 2496 990 2552 est
1002 2493 1207 2570 discrepantia,

141 2612 232 2667 quarn
263 2591 431 2662 Sallustius,
465 2589 554 2649 rebus
575 2590 743 2666 paullulum
765 2591 940 2662 immutatis,
962 2591 1041 2668 fecit,
1063 2597 1107 2663 ut,
1130 2612 1205 2668 quae

142 2689 321 2748 Plutarchus
353 2690 510 2748 memoriae
538 2688 679 2764 prodidit,
707 2688 900 2749 nullomodo
923 2708 957 2748 ex
977 2689 1028 2748 illo
1050 2689 1207 2766 desumpta

144 2807 207 2847 esse
235 2787 359 2862 possint.
395 2786 476 2844 Nihil
496 2787 590 2862 igitur
612 2790 747 2862 superest
768 2787 824 2846 nisi
845 2791 881 2845 ut
902 2789 1078 2858 statuamus,
1100 2806 1150 2847 eos
1172 2807 1207 2846 ex

144 2885 294 2946 communi
324 2885 405 2944 fonte
433 2885 575 2944 hausisse.
608 2885 787 2944 Plutarchus
809 2889 914 2945 auctor
936 2888 981 2945 est
1002 2886 1025 2959 ²)
1047 2885 1205 2945 verborum

143 2983 339 3060 quorundam,
372 2982 480 3059 quibus
509 2983 647 3042 Metellus
669 2983 797 3042 Marium
818 2983 854 3042 de
876 2967 1033 3043 consulatu
1052 2988 1207 3059 rogantem

143 3082 289 3142 allocutus
312 3084 372 3152 est;
394 3080 496 3141 eadem
518 3082 597 3157 apud
619 3081 794 3160 Sallustium
817 3085 895 3142 sunt.

179 3569 196 3632 ¹)
223 3577 281 3624 Sall.
310 3578 365 3633 100,
383 3579 398 3622 4
416 3579 442 3622 et
461 3577 482 3622 5.
503 3601 533 3608 -
551 3577 588 3622 De
606 3575 700 3622 litteris
715 3576 821 3622 Romam
837 3575 924 3622 missis
942 3575 1077 3622 Sallustius
1095 3576 1204 3635 copiosi·

142 3677 186 3710 ora
211 3662 318 3708 tradidit
343 3675 419 3722 qnam
436 3661 596 3707 Plutarchus.
623 3661 760 3719 Postquam
779 3661 891 3707 narravit
908 3660 1025 3717 Marium,
1043 3661 1127 3706 hieme
1146 3662 1204 3707 anni

142 3739 214 3807 109l8
241 3747 356 3793 hibernis
382 3745 546 3793 Uticensibus
570 3745 734 3804 praelectum,
756 3744 852 3791 milites
870 3745 896 3790 in
914 3745 1045 3792 Metellum
1062 3745 1206 3793 incendisse

140 3828 171 3885 (e.
189 3833 230 3888 46,
259 3833 272 3878 5
299 3845 379 3891 usque
404 3831 436 3877 ad
453 3831 528 3876 finem
547 3826 648 3890 capitis)
666 3833 691 3876 et
710 3831 825 3876 (laudam
843 3830 875 3875 ad
893 3843 965 3875 suani
982 3833 1080 3889 partem
1097 3830 1205 3878 traxisse

140 3913 171 3970 (e.
200 3918 239 3972 65,
267 3912 348 3972 1-4),
381 3915 481 3961 addidit
507 3915 581 3969 hunc,
606 3904 707 3974 equites
732 3916 868 3972 Romanos,
895 3915 998 3970 milites,
1024 3916 1204 3974 negotiatores,

140 4000 221 4048 Mario
247 4001 393 4060 instigante,
418 4000 519 4046 litteras
537 4000 562 4045 in
579 4000 680 4046 Italiam
698 4000 730 4045 ad
747 4013 808 4046 snos
827 3999 969 4059 scripsisse,
987 4002 1016 4045 ut
1032 4001 1204 4056 ostenderent,

140 4086 248 4132 Marium
274 4085 417 4132 necessario
443 4084 573 4131 consulem
591 4097 647 4132 esse
665 4086 800 4131 creandum
819 4081 849 4139 [e.
869 4086 908 4142 64,
926 4086 941 4130 4
960 4086 986 4130 et
1004 4080 1035 4138 5).
1070 4085 1206 4132 Sallustius

140 4170 218 4217 etiam
243 4172 333 4230 postea
357 4165 388 4224 (c.
408 4171 447 4226 73,
466 4165 490 4224 3)
517 4169 598 4215 bonos
625 4169 717 4227 exitus,
743 4182 807 4229 quos
835 4169 894 4216 illae
921 4168 1045 4228 epistolae
1069 4169 1164 4215 Romae
1182 4170 1209 4216 iu

139 4256 213 4302 Marii
230 4255 380 4316 petitionem
398 4255 549 4310 habuerunt,
568 4254 789 4313 cornmemoravit3
808 4269 838 4301 ea
854 4267 915 4304 vero
935 4254 1020 4302 omnia
1037 4267 1052 4300 a
1068 4254 1205 4304 Plutarcho

140 4341 235 4391 omissa
252 4343 319 4389 sunt.
339 4367 367 4376 -
394 4331 412 4395 ⁹)
430 4340 496 4388 Plut.
515 4340 576 4387 Mar.
596 4342 618 4388 8.
