2916 5062
705 471 743 529 59

195 636 274 692 retur
296 632 328 706 ¹),
361 631 396 690 ad
428 651 492 691 eam
520 631 625 690 urbem
647 633 799 706 tamquam
821 631 946 690 amicam
967 634 997 689 et
1018 630 1075 690 sibi
1096 631 1257 691 subiectam

195 730 329 801 venisset,
354 749 421 788 cum
433 749 535 789 revera
546 730 608 805 ipse
620 749 685 788 eam
695 732 761 787 tum
773 729 862 787 etiam
874 729 962 787 armis
973 729 1102 805 recipere
1115 729 1258 788 debuerit.

194 829 316 888 Dionem
348 828 405 887 hoc
436 829 501 888 loco
535 847 654 904 quoque
686 846 701 884 e
730 826 814 886 Livio
846 827 979 886 hausisse
1000 827 1030 884 in
1051 830 1192 903 promptu
1214 829 1259 886 est

195 927 333 986 conicere.

232 1024 280 1082 Ad
311 1044 376 1083 eam
409 1028 509 1084 autem
531 1024 731 1083 coniecturam
754 1024 983 1082 confirmandam
1005 1024 1123 1099 egregia
1144 1023 1259 1083 occasio

195 1122 292 1181 oblata
312 1123 397 1183 nobis
420 1123 516 1182 estin
537 1123 705 1181 narratione
727 1123 832 1182 Orosii.
865 1123 895 1181 Is
917 1122 994 1181 enim
1016 1142 1083 1180 cum
1095 1122 1130 1181 de
1142 1122 1258 1181 duobus

194 1220 310 1296 proeliis
338 1221 395 1280 illis
424 1222 495 1296 agit,
524 1240 599 1296 quae
621 1221 714 1280 Mario
737 1221 851 1281 consuli
873 1240 889 1278 a
909 1220 1067 1279 Muluccha
1087 1220 1208 1277 flumine
1229 1221 1259 1277 in

194 1318 373 1393 provinciam
404 1319 569 1378 Romanam
600 1319 737 1377 redeunti
764 1319 793 1376 in
822 1318 926 1376 itinere
958 1321 1060 1377 contra
1081 1317 1259 1391 Iugurtham

194 1419 222 1475 et
252 1415 405 1476 Bocchum
436 1418 565 1491 gerenda
596 1418 726 1487 fuerunt,
759 1417 848 1475 etiam
879 1421 979 1475 narrat
1011 1416 1159 1475 Romanos
1187 1418 1258 1474 tunc

193 1533 284 1588 prope
312 1535 329 1572 a
357 1514 437 1573 Cirta
474 1514 602 1573 abfuisse
635 1518 665 1572 et
686 1514 723 1571 ad
744 1534 809 1572 eam
830 1514 934 1572 urbem
955 1515 1085 1589 primum
1105 1514 1259 1589 pervenire

195 1611 321 1670 voluisse
342 1611 478 1670 Marium.
511 1611 569 1671 Sed
590 1612 614 1670 is
636 1631 695 1670 non
716 1612 758 1670 ita
779 1632 842 1670 rem
863 1600 983 1688 eipenit
1008 1611 1258 1686 quemadmodum

196 1708 352 1767 Sallustius
383 1709 463 1780 facit,
497 1709 607 1768 Cirtam
643 1713 714 1768 tunc
753 1709 844 1768 luisse
877 1709 906 1767 in
937 1712 1085 1785 potestate
1116 1709 1257 1767 hostium.

195 1805 302 1882 incipit
323 1806 400 1865 enim
418 1808 616 1867 narrationem
628 1828 713 1868 suam
724 1809 769 1867 his
781 1808 891 1866 verbis:
917 1852 928 1878 ,
933 1810 1084 1882 postremo
1096 1804 1258 1879 (Bocchus)

198 1904 293 1979 ,apud
321 1904 492 1964 Cirtam..
516 1952 522 1964 .
546 1906 732 1965 ,adversum
760 1906 909 1966 Romanos
937 1907 1177 1982 expectationem
1197 1906 1259 1962 eius
1309 1894 1311 1898 ’

199 2010 354 2077 ,perantes
375 2048 382 2062 .
405 2048 411 2061 .
435 2048 442 2062 .
465 2049 471 2061 .
495 2004 641 2063 occurrit”
665 2005 697 2079 2).
740 2004 844 2080 Atqui,
867 2005 891 2063 si
912 2003 1038 2063 Romani
1058 2005 1130 2061 tunc
1147 2002 1258 2061 Cirtam

196 2120 363 2176 expugnare
390 2102 592 2172 instituerunt,
622 2122 655 2160 ea
675 2102 747 2161 urbs
768 2102 869 2178 paullo
891 2106 958 2161 ante
980 2101 1017 2159 ad
1037 2101 1189 2160 Bocchum
1211 2099 1258 2158 de-

194 2199 295 2256 fecerit
325 2218 445 2258 necesse
477 2203 531 2258 est.
573 2200 608 2257 ld
640 2203 740 2259 autem
771 2201 869 2276 ipsum
891 2200 1001 2275 legitur
1022 2198 1102 2275 apud
1122 2199 1256 2257 Dionem.

196 2295 299 2372 Itaque
330 2297 551 2356 concinentibus
574 2298 678 2357 Oresio
700 2301 730 2356 et
750 2297 854 2368 Dione,
876 2298 935 2355 iam
956 2297 992 2356 de
1013 2316 1116 2356 eorum
1137 2299 1258 2354 auctore

197 2395 345 2453 communi
375 2396 456 2455 nullo
488 2395 576 2455 modo
607 2395 736 2454 dubitari
767 2398 882 2471 potest;
914 2396 938 2454 is
968 2398 1046 2453 certe
1067 2395 1169 2453 Livius
1191 2394 1257 2452 fuit.

196 2492 280 2561 Quod
302 2512 370 2551 cum
392 2497 515 2564 constet,
537 2495 662 2552 fortasse
683 2493 741 2552 iam
759 2494 829 2552 licet
848 2495 950 2569 paullo
962 2492 1155 2552 confidentius
1168 2512 1257 2568 quam

194 2590 281 2649 ruodo
313 2591 437 2649 fecimus
469 2591 558 2649 etiam
586 2591 622 2650 de
653 2592 718 2667 ipsa
738 2611 769 2650 re
791 2591 920 2650 iudicare
942 2594 971 2650 et
993 2612 1009 2649 a
1030 2591 1171 2650 Sallustio
1192 2608 1256 2664 gra·

194 2706 258 2745 vem
280 2707 409 2748 errorem
431 2689 621 2748 commissum
644 2709 707 2748 esse
729 2691 880 2748 affirmare.
925 2689 1059 2748 Primum
1081 2689 1158 2747 enim
1179 2706 1257 2745 nunc

196 2786 221 2844 ei
251 2786 352 2845 obstat
383 2788 544 2846 auctoritas
575 2807 634 2847 non
665 2788 777 2860 Dionia,
807 2787 858 2847 sed
879 2787 956 2845 Livii
976 2786 1056 2845 haud
1077 2786 1256 2862 spernenda;

196 2883 297 2943 deinde
330 2884 378 2944 vix
408 2885 563 2961 imaginari
593 2905 762 2961 possumus,
795 2886 944 2962 quomodo
976 2884 1105 2944 narratio
1126 2885 1200 2943 falsa
1222 2883 1257 2941 de

196 2981 291 3040 Cirtae
323 2982 486 3042 defectione
518 2984 588 3043 oriri
618 2984 759 3058 potuerit,
786 2984 811 3042 si
832 3003 866 3042 ea
886 3003 1050 3059 numquam
1070 2983 1149 3041 facta
1170 2986 1256 3040 esset.

195 3080 384 3140 Affirmamus
412 3081 505 3156 igitur
519 3105 521 3109 ⁴
535 3082 664 3158 primum
687 3082 797 3141 Cirtam
817 3081 922 3140 urbem
943 3101 1038 3157 nuper
1058 3082 1095 3155 (a.
1121 3081 1191 3139 108⁰
1211 3079 1257 3137 vel

198 3177 277 3250 107⁰)
300 3177 337 3235 ad
357 3177 510 3237 Bocchum
532 3179 670 3238 defecisse
692 3184 722 3238 et
738 3179 913 3239 Sallustium
923 3179 952 3237 id
964 3179 1130 3250 reticuisse,
1143 3177 1256 3247 deinde,

196 3275 306 3334 Cirtam
337 3276 430 3336 Mario
461 3277 491 3335 in
521 3277 625 3335 itinere
657 3277 882 3353 expugnandam
913 3277 1004 3336 fuisse
1036 3280 1066 3335 et
1086 3276 1117 3334 id
1138 3294 1256 3352 quoquc

195 3392 262 3432 aum
284 3374 400 3433 silentio
421 3375 572 3450 pressisse.
614 3374 760 3433 Addimus
782 3374 894 3433 Sullam
915 3374 961 3433 his
981 3374 1070 3433 rebus
1092 3374 1209 3432 affuisse
1228 3376 1257 3432 et

195 3491 243 3530 eas
268 3491 315 3531 ros
338 3471 440 3530 cadere
461 3471 491 3530 in
512 3477 686 3547 argumenta
707 3473 770 3532 eius
793 3472 1088 3532 Commentariorum.
1123 3473 1257 3549 Apparet

194 3570 287 3644 igitur
309 3570 422 3628 Sullam
442 3571 472 3628 in
494 3570 717 3630 Commentariis
738 3571 811 3628 nihil
833 3570 939 3629 dixisse
961 3570 996 3629 de
1019 3590 1053 3629 ea
1073 3590 1114 3642 re,
1126 3571 1256 3646 alioquin

195 3668 272 3726 enim
304 3667 463 3727 Sallustius
493 3688 556 3726 rem
587 3688 621 3727 ex
653 3669 694 3728 eis
726 3669 921 3743 cognovisset,
951 3672 981 3728 et
1009 3668 1256 3745 expugnationem

196 3765 302 3836 Cirtae,
334 3785 409 3841 quae
440 3767 534 3824 Mario
566 3770 643 3825 certe
673 3767 754 3825 laudi
784 3767 918 3825 habenda
948 3767 1054 3838 fuerat,
1086 3766 1206 3825 aSulla
1226 3766 1256 3825 in

195 3864 419 3924 Commentariis
440 3884 499 3923 non
521 3883 583 3924 esse
606 3869 808 3925 memoratam.

232 4247 249 4310 ¹)
267 4255 330 4303 Vide
348 4269 458 4316 eaquae
476 4256 563 4307 statim
583 4256 650 4304 infra
667 4258 808 4323 sequuntur
825 4259 851 4304 et
867 4255 926 4303 Sall.
946 4256 1005 4320 102,
1025 4257 1046 4303 1.
1058 4247 1119 4312 -Ἷ
1137 4257 1209 4304 Oros.
1227 4257 1255 4311 V.

197 4342 235 4399 15,
255 4342 293 4396 10.
