2916 5062
782 439 895 522 aa'

270 646 360 705 ,quos
380 627 540 687 novissime
550 626 715 685 habuerant
727 623 1025 700 (Carthaginienses)”
1040 624 1071 697 1),
1084 623 1334 699 amplectebatur:

266 727 367 803 itaque
388 727 523 801 regiones
545 725 622 784 circa
642 723 761 782 Uticam
781 723 885 782 urbem
908 725 938 781 et
959 742 992 780 ea
1009 723 1075 782 loca
1091 722 1121 779 in
1141 722 1249 798 quibus
1261 722 1335 781 olim

185 879 188 889 ,
267 824 415 899 Carthago
446 824 552 894 fuerat,
584 823 675 899 paulo
697 823 824 898 amplius
846 841 936 897 quam
958 840 1040 880 oram
1061 821 1249 892 maritimam,
1271 821 1336 879 fera

267 943 284 981 a
306 904 436 981 Candido
454 921 658 998 promontorio
676 940 771 996 usque
790 919 826 978 ad
839 919 1057 977 Hadrumetum
1068 919 1188 989 urbem;
1210 918 1297 993 Vaga
1309 918 1335 991 2)

267 1020 411 1096 oppidum
432 1039 489 1078 non
512 1019 606 1093 magis
618 1018 655 1077 ad
667 1019 747 1077 illam
758 1017 940 1093 provinciam
951 1016 1118 1092 pertinebat
1129 1036 1218 1092 quam
1229 1016 1335 1092 Leptis

267 1117 364 1176 Minor
384 1116 418 1190 ³).
450 1117 494 1175 Ma
515 1117 671 1174 Numidiae
692 1136 770 1191 pars
783 1135 872 1191 quam
884 1114 1031 1173 Adherbal
1045 1114 1335 1190 acceperat,(Numi·

268 1215 346 1273 diam
374 1214 575 1287 orientalem),
598 1213 772 1273 occidentali
794 1213 919 1272 confinio
941 1212 1109 1287 provinciae
1131 1212 1281 1270 Romanae
1304 1215 1336 1271 et

267 1314 420 1388 Ampsaga
440 1312 560 1370 flumine
581 1311 748 1381 finiebatur,
770 1311 799 1368 in
820 1309 971 1368 meridiem
993 1310 1054 1368 fere
1071 1329 1167 1384 usqua
1184 1308 1221 1367 ad
1232 1309 1336 1385 Syrtin

209 1410 211 1413 ’
267 1411 411 1469 Minorem
450 1412 564 1486 patens.
617 1409 652 1466 In
683 1410 771 1468 huius
803 1409 932 1484 regionis
963 1412 1047 1484 parte
1079 1408 1336 1484 septemptrionali

268 1511 414 1567 extremae
445 1507 534 1567 urbes
564 1508 619 1565 hae
651 1511 752 1565 erant:
784 1507 870 1582 Vaga
896 1507 921 1580 4)
954 1506 991 1564 ad
1022 1506 1165 1566 orientem
1187 1508 1336 1581 spectans,

271 1605 358 1677 ,urbs
389 1606 535 1662 maxima”
558 1605 582 1678 ⁵)
615 1607 645 1663 et
676 1604 764 1675 Cirta,
797 1624 872 1679 quae
904 1625 921 1662 a
951 1604 1075 1680 Micipsa
1101 1604 1219 1664 condita
1241 1603 1263 1677 6)
1296 1603 1336 1661 ad

268 1702 450 1762 occidentem
472 1703 565 1762 solem
585 1702 736 1777 vergebat,
758 1703 860 1761 multis
879 1703 1092 1762 mercatoribus
1109 1702 1206 1761 Italici
1217 1703 1335 1777 generis

267 1801 297 1859 in
317 1804 446 1876 utroque
468 1800 578 1877 oppido
599 1800 801 1859 habitantibus
825 1800 856 1874 7).
898 1800 980 1859 Inter
996 1804 1158 1877 utrumque
1174 1804 1237 1859 erat
1247 1800 1334 1859 vallis

267 1899 412 1958 Muthulis
433 1899 572 1975 fluminis,
595 1920 612 1958 a
633 1918 693 1975 quo
714 1899 811 1957 medio
832 1918 891 1958 non
911 1899 1016 1975 procul
1036 1899 1108 1974 ipsis
1130 1901 1160 1957 in
1180 1899 1333 1958 montibus

267 1996 339 2055 urbs
371 1996 454 2056 Sicca
486 1999 542 2057 sita
573 2001 637 2056 erat
659 1996 700 2071 8):
732 1997 782 2054 illa
812 1997 989 2055 Adherbalis
1020 1998 1103 2072 regio
1131 2000 1194 2056 erat
1219 1998 1333 2073 ,specie

272 2114 378 2168 ,quarn
409 2115 467 2154 usu
495 2096 622 2171 potior.
647 2141 652 2154 .
676 2139 683 2152 .
704 2095 876 2171 portuosior
903 2098 933 2153 ct
954 2095 1092 2154 aedificiis
1113 2095 1208 2169 magis
1231 2095 1333 2172 (quam

272 2191 464 2268 ,Iugurthael
486 2196 645 2253 exornata''
668 2192 702 2266 9).
744 2194 816 2252 Pars
837 2194 867 2251 in
883 2193 1025 2252 divisione
1040 2193 1205 2268 Iugurthae
1223 2193 1334 2252 tradita

247 2318 249 2322 s
269 2289 422 2363 (Numidia
443 2291 651 2365 Occidentalis)
676 2310 764 2367 ,agro
786 2292 915 2368 virisque
938 2292 1124 2368 opulentior'’
1154 2291 1201 2363 l⁰),
1233 2294 1333 2350 vastas

267 2389 402 2463 regiones
433 2389 510 2447 inter
540 2389 663 2448 flumina
693 2389 877 2465 Ampsagam
893 2379 895 2386 ¹
909 2390 939 2447 in
960 2390 1071 2448 oriente
1093 2393 1123 2448 et
1143 2389 1334 2448 Muluccham

268 2487 297 2543 in
330 2486 481 2546 occidente
514 2489 585 2547 sitas
608 2489 904 2564 amplectebatur,·in
926 2488 1075 2550 meridiem
1099 2507 1224 2563 vergens
1246 2487 1337 2546 etiam

268 2585 418 2649 maiorem„
430 2591 546 2661 partem
567 2586 671 2644 finium
693 2584 887 2645 Gaetulorum
910 2586 955 2660 11).
998 2586 1069 2644 inde
1092 2606 1108 2643 a
1128 2586 1250 2644 fiumina
1270 2585 1336 2644 Mu-

268 2682 381 2754 luccha,
414 2682 449 2741 ab
482 2702 516 2742 eo
547 2684 608 2742 sere
639 2685 714 2755 loco,
738 2685 789 2759 qui
819 2683 906 2743 hodie
938 2684 1090 2759 Algeriam
1122 2684 1335 2743 aMaroccone

269 2778 375 2839 dividit
397 2781 443 2855 12),
474 2781 659 2840 Mauretania
690 2801 815 2858 regnum
847 2782 959 2841 Bocchi
989 2782 1088 2857 patuit
1110 2781 1155 2856 13),
1178 2782 1236 2840 illis
1257 2785 1335 2841 tem·

268 2878 390 2953 poribus
421 2899 480 2939 non
511 2880 606 2939 maius
639 2899 728 2955 quarn
749 2881 832 2955 regio
854 2900 929 2956 quaa
950 2881 1037 2940 hodie
1058 2880 1194 2939 Marocco
1216 2880 1336 2940 dicitur.

269 2977 425 3051 Iugurtha,
447 2981 607 3054 postquam
629 2997 705 3037 anno
729 2979 800 3036 112⁰
820 2979 910 3037 etiam
931 2979 1106 3037 Adherbalis
1124 2981 1240 3054 partem
1264 2999 1335 3038 suae

269 3074 390 3145 addidit,
417 3076 606 3151 imperitabat
628 3077 669 3135 eis
690 3077 772 3148 locis,
795 3096 870 3152 quae
892 3077 959 3135 inde
981 3097 997 3134 a
1019 3076 1144 3136 confinio
1165 3076 1335 3152 provinciae

269 3172 418 3231 Romanae
450 3177 480 3232 et
510 3173 583 3232 urbe
614 3174 699 3249 Vaga
733 3174 769 3246 14)
790 3194 885 3250 usque
907 3175 944 3233 ad
964 3174 1153 3233 Muluccham
1173 3175 1285 3232 fiumen
1306 3178 1336 3234 et

269 3270 336 3328 inde
368 3291 385 3328 a
415 3271 489 3328 mari
514 3290 608 3347 usque
637 3272 674 3330 ad
699 3272 834 3348 regiones
856 3273 931 3330 infra
953 3271 1147 3332 Gaetulorum
1168 3274 1240 3332 fines
1263 3274 1334 3334 sitas

269 3371 382 3445 patent.

309 3466 413 3525 Trium
434 3467 544 3525 ducum
565 3487 611 3527 res
633 3468 689 3528 hoc
710 3470 806 3545 capita
828 3473 898 3528 sunt
908 3471 1123 3542 memorandae,
1136 3490 1264 3546 quorum
1275 3473 1333 3547 pri·

269 3586 335 3624 mus
357 3565 390 3624 L.
407 3565 584 3640 Calpurnius
605 3565 707 3626 Bestia
719 3568 822 3626 consul
832 3568 943 3626 bellurn
955 3588 1023 3626 cum
1034 3568 1182 3642 Iugurtha
1193 3572 1334 3644 gesturus

269 3665 388 3723 ineunte
409 3683 477 3722 vere
499 3665 567 3722 anni
590 3665 655 3723 llli
676 3665 807 3740 legiones
828 3667 858 3723 in
869 3666 1000 3724 Africam
1012 3667 1143 3724 traduxit
1156 3666 1191 3740 15)
1203 3670 1233 3725 et
1243 3669 1334 3743 paulo

268 3766 346 3838 post,
379 3766 504 3822 exeunte
535 3782 634 3822 mense
659 3762 746 3824 Iunio
769 3764 806 3822 ad
826 3765 1018 3840 magistratus
1039 3765 1187 3841 rogandos
1208 3765 1335 3826 Romam

306 4055 324 4118 ¹)
341 4065 399 4111 sarr.
418 4065 483 4112 aen.
501 4066 556 4125 rag.
577 4068 615 4123 19,
635 4067 656 4113 r.
679 4091 710 4099 -
731 4058 748 4121 ²)
767 4069 807 4124 29,
827 4069 850 4113 4.
870 4093 900 4101 -
920 4060 993 4126 aar,
1014 4071 1034 4115 1.
1047 4061 1108 4125 Δ)
1130 4071 1170 4128 99,
1186 4071 1251 4116 4.-
1265 4061 1336 4128 ‘tra

270 4141 994 4212 1.-⁶)21‚90ta.-⁷]47,1;91,2.-⁸)49,3
1017 4145 1334 4213 et56,3.—⁹l16,5—-;

273 4227 377 4290 ¹⁰)1.o.
399 4261 429 4268 -
451 4228 480 4290 ¹¹]
501 4239 540 4294 19,
561 4238 574 4283 5
595 4240 621 4284 et
640 4239 669 4295 7;
690 4240 729 4295 80,
750 4240 770 4285 1.
797 4264 828 4272 —-
855 4230 884 4292 ¹²)
902 4240 1006 4300 Kiepert
1025 4241 1119 4288 Lehrb.
1139 4242 1162 4288 d.
1180 4240 1222 4288 alt.
1242 4241 1335 4301 Geogr.

262 4336 296 4392 p.
313 4323 370 4369 220.
390 4347 421 4355 -
444 4314 474 4386 ¹³.)
494 4323 575 4381 19,.7;
593 4325 633 4390 92,
652 4326 674 4390 55
697 4317 995 4389 110‚a.-¹⁴129,4.-
1010 4318 1335 4392 ¹⁶)27‚4erc;2a,4erc.
