2916 5062
716 506 735 563 6

194 667 248 724 est.
290 664 413 724 Aestate
445 665 513 724 anni
546 666 591 723 86ἰ
624 665 744 724 Metella
770 678 844 724 'oum
865 665 964 725 liberis
986 665 1015 724 in
1037 667 1135 726 Sullae
1158 668 1262 728 castris

194 762 231 820 ad
251 762 383 822 Athenas
404 763 510 840 positis
530 763 705 823 versabatur
717 764 749 838 1),
771 783 831 840 quo
852 764 903 822 illa
923 764 1017 823 Mario
1038 764 1099 822 Vll
1121 765 1212 824 Cinna
1229 766 1261 824 Π

194 879 268 920 coss.
290 861 328 935 (a.
357 862 420 935 860)
441 861 621 937 perfugerat.
662 862 782 921 Metella
803 882 878 921 anno
901 862 953 921 81⁰
974 882 1008 921 eo
1030 863 1095 938 ipso
1116 867 1260 939 ternpore,

193 977 260 1018 cum
283 959 364 1017 Sulla
384 960 528 1036 triumphi
550 959 655 1034 agendi
677 979 766 1018 causa
784 960 846 1019 dies
859 961 950 1019 festos
964 959 1125 1018 celebraret
1135 962 1261 1037 populo·

193 1076 250 1132 que
272 1057 373 1132 epulas
395 1057 487 1129 daret,
509 1060 628 1116 mortua
649 1059 702 1116 est.
730 1057 774 1116 Ob
798 1078 861 1117 eam
883 1078 946 1116 rem
969 1058 1136 1117 sacerdotes
1148 1058 1262 1117 Sullam

193 1173 312 1230 aegram
332 1173 454 1213 uxorem
475 1155 572 1215 visum
593 1155 635 1214 ire
658 1174 802 1231 corpusve
823 1159 958 1214 mortuae
981 1155 1060 1230 apud
1083 1174 1113 1214 se
1134 1156 1262 1216 retinere

192 1255 360 1324 vetuerunt,
371 1272 408 1311 ne
416 1249 542 1312 'domum
552 1253 728 1328 inquinaret,
740 1253 818 1312 unde
830 1252 912 1311 Sulla
922 1253 1060 1311 nuntium
1072 1254 1098 1312 ei
1109 1255 1261 1314 remittere
1324 1243 1326 1246 ’

193 1361 316 1426 eamque
347 1350 376 1407 in
409 1350 496 1415 aliam
528 1351 627 1409 sedem
659 1351 871 1409 traducendam
904 1370 1005 1410 curare
1028 1354 1148 1411 coactus
1170 1353 1260 1428 est2).

193 1449 335 1518 Quintum
357 1468 476 1525 quoque
497 1449 719 1509 matrimonium
741 1449 823 1508 Sulla
843 1449 909 1509 iniit
930 1469 1040 1507 annum
1062 1468 1151 1525 agens
1170 1451 1261 1510 unde·

193 1548 408 1623 sexagesimum
440 1566 508 1605 curn
539 1546 659 1606 Valeria
690 1551 728 1623 (a.
763 1548 835 1622 790),
866 1551 902 1606 ut
934 1568 968 1607 ex
989 1548 1143 1607 Plutarchi
1165 1549 1262 1609 verbis

191 1648 284 1721 patet,
304 1663 403 1704 amore
424 1648 533 1717 motus
556 1664 644 1721 quem
665 1645 737 1704 haec
758 1646 864 1704 mulier
884 1647 980 1722 primo
1003 1665 1071 1706 cum
1092 1646 1121 1704 in
1142 1647 1261 1708 theatro

191 1743 221 1800 in
253 1743 365 1802 Sullam
386 1743 536 1814 incideret,
558 1742 751 1801 muliebribus
773 1743 886 1802 artibus
907 1745 936 1801 in
958 1744 1055 1804 valido
1077 1745 1173 1804 adhuc
1193 1745 1259 1806 viro

193 1842 366 1901 incitaverat
377 1841 410 1915 3);
433 1860 508 1916 quae
529 1840 662 1899 Puteolis
683 1841 857 1900 Postumum
878 1842 968 1900 liliam
990 1843 1102 1918 genuit.
1138 1844 1182 1901 De
1202 1843 1259 1903 hac

191 1964 283 2005 uxore
313 1945 385 2003 haec
416 1944 613 2004 Plutarchus:
649 1935 821 2017 ,Μεσσάλα
844 1932 882 2017 ηἰι
910 1941 1068 2020 θυγάτηρ,
1093 1937 1260 2021 Ὁρτησίου

196 2039 249 2123 ,δὲ
274 2061 327 2104 τοῦ
346 2045 471 2125 ῥήτορος
488 2038 635 2122 &strictis
678 2051 759 2120 Quae
780 2051 870 2111 verba
890 2052 963 2111 vitio
984 2051 1119 2111 laborent
1139 2071 1259 2111 necesse

193 2153 254 2222 est3
286 2170 354 2208 nam
387 2168 454 2208 cum
482 2149 598 2207 filiabus
630 2149 749 2208 nomina
769 2150 919 2224 gentilicia
938 2153 1058 2225 patrum
1080 2150 1258 2221 dicerentur,

193 2267 277 2308 soror
297 2248 458 2320 Hortensii,
481 2247 529 2306 cui
548 2250 634 2323 pater
659 2246 718 2321 (L.)
739 2248 916 2307 Hortensius
938 2251 1001 2308 erat
1020 2249 1054 2322 4),
1075 2241 1258 2308 ‘Hortensia’

191 2348 291 2407 vocari
312 2346 447 2406 debebat.
469 2345 543 2405 Cum
566 2349 664 2404 autern
685 2346 811 2406 Messala
830 2346 949 2422 quidam
962 2365 1092 2406 sororem
1105 2347 1259 2406 Hortensii

192 2445 317 2505 oratoris
348 2444 412 2520 (qui
440 2463 515 2502 anno
539 2445 609 2501 114⁰
629 2447 717 2502 natus
739 2444 796 2517 est)
817 2464 939 2504 uxorem
961 2445 1078 2504 duxerit
1087 2445 1121 2520 ὁ),
1142 2445 1259 2504 medela

191 2553 317 2610 fortasse
338 2548 434 2606 afferri
454 2551 563 2624 potest,
576 2569 643 2608 cum
666 2549 707 2608 sic
718 2549 847 2625 legatur:
863 2538 1035 2622 ,Μεσσάλα
1047 2536 1085 2621 ηὐ
1098 2545 1257 2624 θυγάτηρ,

196 2644 382 2727 ,Ὁρτησίου
417 2644 450 2708 δὲ
486 2662 538 2706 τοῦ
564 2648 690 2729 ῥήτορος
712 2646 910 2730 <ἕχουτος>
928 2644 1164 2728 ἀδελφη<υ>,
1185 2657 1257 2730 post

191 2780 295 2820 vocem
317 2755 534 2839 ΡΗΤΟΡΟΣ
553 2777 587 2819 eo
609 2761 690 2836 quod
711 2763 756 2820 est
778 2756 999 2815 ΕΧΟΝΤΟΣ
1017 2762 1257 2837 errorequodam

193 2865 311 2938 omisso,
333 2865 512 2925 vocabulum
534 2853 675 2938 ἀδελφήν
696 2866 726 2924 in
747 2855 867 2939 ἀδελφή
888 2867 972 2926 facile
995 2867 1067 2926 abiit
1079 2867 1111 2941 ⁶).

233 2963 315 3023 Sulla
351 2964 411 3021 iam
446 2963 482 3022 ab
525 2964 645 3023 ineunte
681 2957 777 3023 aetate
807 2965 965 3025 histriones
995 2968 1113 3041 praeter
1144 2967 1258 3024 ceteros

192 3061 325 3121 homines
347 3061 473 3134 amabat,
496 3062 533 3121 ad
554 3081 629 3138 quos
651 3062 765 3121 animus
787 3063 824 3120 ad
841 3063 1257 3139 iocandumpromptuseum,

192 3159 281 3218 rebus
312 3159 485 3219 scurrilibus
516 3159 683 3236 risibusque
715 3160 820 3219 solutis
853 3161 1041 3233 delectatum,
1070 3161 1178 3233 allexit,
1208 3163 1258 3220 cui

192 3257 274 3316 nullo
295 3257 384 3316 modo
405 3257 511 3316 melius
532 3277 622 3334 quam
643 3258 748 3316 talium
769 3259 922 3317 hominum
944 3259 1156 3318 consuetudine
1172 3260 1257 3319 satis·

192 3355 256 3414 fieri
286 3357 404 3432 poterat
426 3353 460 3428 ⁷).
501 3353 557 3414 His
589 3375 681 3432 aeque
713 3356 830 3416 deditus
857 3356 915 3415 fuit
937 3360 1095 3434 antequam
1115 3361 1257 3436 praetura

229 3666 246 3729 1)
281 3675 347 3723 Plut.
366 3675 469 3733 aurae,
490 3678 528 3734 13,
547 3679 587 3724 22.
607 3703 637 3710 -
659 3668 676 3733 ²)
695 3677 760 3725 rnre.
780 3680 819 3726 35.
840 3704 869 3711 -
890 3671 909 3734 ³)
926 3680 943 3726 1.
963 3694 982 3726 ο.
1003 3706 1031 3713 -
1053 3671 1072 3736 ⁴)
1090 3681 1256 3732 orsurus.

193 3763 216 3817 3,
246 3761 284 3817 16,
310 3762 350 3807 42.
387 3784 407 3794 -
439 3752 457 3816 ⁶)
483 3763 537 3810 Val.
564 3762 629 3810 Max.
647 3764 675 3821 V,
695 3765 717 3821 9,
736 3766 759 3811 2.
779 3789 809 3796 -
830 3756 848 3819 ⁶)
866 3765 978 3812 Haberet
994 3750 1055 3812 sane
1073 3779 1123 3826 quo
1141 3781 1169 3814 se
1187 3781 1257 3815 com-

192 3845 324 3891 mendaret
351 3846 496 3893 coniectura
521 3861 545 3895 v.
572 3847 602 3894 cl.
622 3849 675 3896 Van
694 3849 789 3907 Oppeu,
808 3849 851 3908 qui
868 3849 895 3895 in
912 3850 978 3897 libro
998 3852 1211 3907 „Observationes
1228 3853 1257 3900 in

194 3930 341 3986 „proruens
368 3931 450 3979 visam
470 3933 499 3980 a.
520 3915 553 3979 o.‘
565 3931 666 3980 σηοω
685 3934 809 3994 inscripto
834 3931 1119 3993 (Disse1·t.,silv.1>uc.
1139 3939 1211 3997 1879,
1229 3954 1255 4000 p.

195 4011 251 4069 104)
268 4017 411 4075 proposuit,
421 4020 449 4063 ut
465 4008 605 4074 ἀδελφιδῆ
622 4019 757 4078 legeretur,
765 4019 788 4065 si
796 4023 856 4079 post
864 4033 954 4067 vocem
962 4013 1092 4064 Μεσσάλα
1102 4025 1256 4072 vocabulum

191 4092 240 4152 μέν
266 4099 390 4160 seriptum
409 4103 484 4148 esset.
505 4127 535 4134 -
557 4093 657 4157 τ1Ρ1ι11.
676 4103 746 4150 Sulla
765 4106 787 4161 5,
807 4096 851 4160 ,ὃν
869 4098 937 4146 οὕτω
955 4097 1157 4160 φιλοσκώμμονα
1175 4102 1256 4160 φύσει

192 4177 331 4240 γεγονέναι
349 4176 471 4240 λέγουσιν
489 4177 554 4228 ὥστε
566 4214 587 4227 ··
599 4186 639 4245 ·‘';
657 4187 738 4235 Nicol.
748 4189 896 4236 Damascen.
912 4192 979 4250 apud
988 4178 1079 4239 Athen.
1088 4195 1129 4252 VI,
1139 4208 1163 4253 p.
1174 4195 1222 4242 261
1232 4210 1254 4244 c.

191 4262 279 4324 „otico
297 4264 404 4329 χαίρειν
421 4265 511 4322 μίμοις
532 4267 577 4312 καὶ
604 4263 791 4327 γελωτοποιοῖς
809 4266 953 4330 ηιλοηέλοιυ
970 4269 1113 4332 γευόμενον
1131 4269 1254 4328 ὡς....”

193 4356 219 4403 et
236 4355 299 4414 XIV,
317 4368 341 4415 p.
361 4356 432 4414 615a‚
452 4346 495 4398 ὅτι
513 4351 559 4397 καὶ
577 4348 893 4416 Σύλλας...φιλοηέλοις
911 4339 968 4418 ἦι.”
