2916 5062
702 439 741 496 90

193 599 348 660 consilium
370 597 557 674 propositum
579 601 656 656 erat:
679 597 710 655 hi
730 616 821 656 novas
844 596 927 655 sedes
950 599 979 654 et
992 615 1079 671 agros
1092 596 1148 655 sibi
1158 616 1263 673 parare

190 693 339 768 volebant,
372 696 452 773 quod
484 695 562 754 idem
583 695 642 753 iam
663 695 699 753 ab
721 695 805 754 initio
828 694 959 752 animum
980 695 1174 765 induxerant3
1198 715 1262 771 spe·

190 797 296 854 rabant
316 795 388 865 lore,
411 813 478 852 curn
500 793 530 851 in
554 791 647 851 Callia
668 813 726 852 non
747 792 911 851 invenirent
934 792 1014 868 quod
1036 792 1205 868 cupiebant,
1227 796 1263 851 ut

191 895 227 952 in.
253 891 406 969 provincia
427 891 560 950 Romana
581 891 628 949 vel
648 891 679 948 in
700 891 787 949 Italia
808 890 873 949 loca
895 909 1039 965 occupare
1058 893 1181 966 possent
1199 891 1263 966 qui-

191 993 247 1051 bus
270 990 451 1066 indigebant.
494 989 713 1048 Coniurationis
735 994 836 1047 autem
859 991 888 1046 et
910 988 1069 1060 societatis,
1092 1009 1182 1064 quam
1203 1009 1263 1047 me·

192 1091 309 1148 morant
341 1087 463 1146 Orosius
495 1091 524 1145 et
555 1086 727 1161 Eutropius
760 1085 849 1144 etiam
871 1085 1021 1144 Teutonos
1044 1089 1074 1144 et
1094 1086 1263 1146 Ambrones

191 1185 350 1262 participes
382 1185 473 1244 luisse
504 1184 628 1243 tradunt
648 1184 678 1242 hi
700 1187 845 1254 auctores,
867 1203 963 1259 neque
984 1183 1014 1241 id
1035 1184 1191 1243 reiciamus
1213 1204 1262 1243 ne·

192 1304 272 1344 cesse
305 1286 368 1354 est3
402 1283 453 1341 sed
483 1286 583 1341 tamen
614 1282 772 1340 tenendum
804 1286 928 1340 estnon
960 1301 1061 1340 omnes
1082 1282 1135 1340 has
1156 1285 1262 1357 gentes

191 1385 257 1441 tum
289 1381 390 1440 statim
422 1380 478 1438 iam
514 1400 595 1438 arma
616 1399 684 1439 cum
706 1378 798 1440 Gallis
821 1379 1015 1438 coniunxisse.
1057 1379 1161 1457 Neque
1185 1380 1262 1438 Teu·

193 1481 257 1539 toni
288 1499 384 1555 neque
406 1479 572 1537 Ambrones
588 1476 652 1536 vnon
673 1477 768 1553 magis
790 1497 879 1553 quam
901 1477 991 1535 Marsi
1012 1478 1068 1536 hoo
1090 1497 1165 1536 armo
1190 1478 1263 1536 1050

193 1577 283 1636 strillis
316 1577 493 1647 adfuerunt3
525 1576 556 1634 hi
580 1576 684 1652 populi
706 1575 735 1633 in
757 1574 852 1634 Callia
874 1575 963 1633 etiarn
985 1576 1179 1651 quieverunt3
1204 1577 1262 1634 soli

193 1675 303 1735 Cimbri
333 1675 442 1733 iterum
473 1675 529 1733 hoc
561 1693 636 1734 anno
669 1694 751 1732 arma
779 1676 921 1750 ceperunt
943 1673 979 1731 ad
1001 1674 1144 1732 auxilium
1167 1671 1262 1733 Callis

192 1773 393 1849 praebendum
415 1777 444 1832 et
465 1773 576 1831 bellum
597 1772 738 1832 Romanis
760 1772 954 1830 inferendum.
998 1771 1105 1830 Omnes
1122 1776 1261 1832 auctores

192 1867 222 1930 in
243 1871 332 1930 rebus
354 1871 465 1929 bellicis
487 1890 513 1928 a.
539 1870 609 1928 105⁰
629 1870 721 1946 gestis
744 1871 822 1930 solos
845 1869 978 1928 Cimbros
1000 1869 1153 1928 nominant
1175 1871 1208 1944 l).

232 1970 351 2039 Munus
384 1987 443 2044 quo
472 1968 579 2043 Caepio
602 1968 765 2028 Proconsul
785 1968 872 2042 fungi
893 1966 1028 2038 debebat,
1050 1967 1106 2026 hoc
1128 1971 1202 2039 erat,
1225 1971 1262 2026 ut

193 2067 375 2142 provinciam
405 2065 627 2125 Narbonensem
654 2068 805 2136 tueretur;
827 2065 947 2123 Mallius
970 2064 1079 2123 Consul
1102 2065 1261 2140 providen-

193 2165 263 2222 dum
295 2163 422 2223 habebat
453 2184 488 2221 ne
520 2164 648 2239 Alpibus
679 2163 824 2222 traductis
853 2163 883 2221 in
911 2162 1029 2221 Italiam
1060 2163 1262 2239 irrumperent

192 2261 317 2320 barbari.
362 2261 486 2319 Galliam
518 2261 739 2320 Meridionalem
770 2261 800 2318 in
832 2261 905 2319 duas
926 2261 1061 2336 regiones
1084 2261 1260 2334 diviserunt,

192 2379 267 2434 quae
289 2359 501 2434 separabantur
521 2359 641 2417 flumine
663 2358 827 2430 Rhodan03
853 2359 989 2430 ,duces'’,
1011 2361 1047 2417 ut
1068 2359 1110 2417 ait
1124 2359 1260 2429 Orosius

195 2456 376 2531 ,provincias
399 2456 454 2514 sibi
475 2456 618 2514 Rhodano
640 2456 761 2515 flumine
783 2456 879 2515 medio
902 2456 1093 2515 diviserunt’'.
1123 2457 1260 2516 Dubium

192 2573 344 2628 essenon
376 2556 476 2629 potest
507 2555 579 2630 quin
612 2554 751 2629 Caepioni
780 2533 941 2614 commissa
967 2554 1058 2612 fuerit
1079 2555 1160 2629 regio
1183 2556 1260 2614 occi·

193 2651 327 2722 dentalis,
350 2652 449 2710 Mallio
472 2651 639 2722 orientalis;
661 2671 728 2709 nam
751 2651 859 2727 Caepio
881 2652 940 2710 iarn
962 2671 996 2709 ex
1018 2652 1168 2727 superiore
1181 2673 1260 2712 anno

197 2753 332 2825 praeerat
352 2750 520 2825 provinciae
542 2749 735 2821 Narbonensi,
763 2769 859 2826 neque
880 2750 952 2808 haec
972 2750 1124 2825 provincia
1141 2751 1167 2809 ei
1179 2770 1260 2810 nunc

192 2848 330 2922 adempta
361 2866 424 2906 esse
445 2850 554 2923 potest.
596 2847 702 2923 Itaque
725 2867 792 2906 cum
815 2847 963 2923 Caepioni,
985 2851 1020 2907 ut
1040 2848 1145 2924 proelii
1165 2850 1258 2924 parti-

192 2964 260 3021 ceps
292 2945 355 3003 fieri
376 2949 487 3020 posset,
509 2945 638 3020 primurn
660 2945 873 3004 transeundum
895 2946 985 3005 fuerit
1005 2947 1115 3005 flumen
1136 2945 1258 3006 Rhoda-

190 3063 256 3114 nus,
288 3047 323 3102 ut
354 3043 522 3103 Licinianus
554 3043 649 3115 docet,
682 3044 817 3119 sequitur
848 3048 882 3103 ut
910 3047 1086 3115 statuamus,
1108 3046 1256 3120 proelium

190 3143 303 3200 lactum
325 3161 388 3201 esse
408 3143 439 3199 in
460 3143 524 3217 ripa
546 3141 680 3201 orientali
691 3142 829 3200 fluminis.
863 3141 970 3218 Caepio
982 3147 1081 3201 autem
1093 3145 1256 3226 aegerrime

190 3239 304 3298 ferebat
325 3241 451 3298 alterum
473 3240 577 3298 ducem
600 3259 668 3298 cum
689 3240 805 3315 aequali
825 3240 948 3315 imperio
971 3260 1071 3300 secum
1096 3241 1255 3302 hulebello

190 3338 374 3413 praefectum
396 3356 467 3408 esse,
491 3338 571 3413 quod
592 3338 654 3413 ipse
677 3339 756 3397 solus
769 3338 910 3396 conficere
921 3357 1008 3414 posse
1020 3339 1075 3398 sibi
1085 3339 1253 3399 videbatur.

191 3436 263 3494 Inde
294 3436 469 3511 gravissima
490 3435 599 3495 invidia
621 3439 686 3494 orta
707 3439 752 3494 est
773 3435 850 3494 inter
870 3436 1062 3512 imperatores
1085 3437 1120 3496 de
1141 3438 1253 3497 honore

190 3534 340 3605 victoriae,
364 3551 452 3609 quam
474 3538 599 3608 uterque
621 3533 677 3592 sibi
699 3553 848 3592 cessuram
869 3553 932 3594 esse
954 3534 1100 3610 sperabat.
1143 3536 1253 3595 Hostes

191 3636 300 3702 autem,
333 3633 441 3691 omissa
472 3633 623 3708 provincia
645 3632 839 3703 Narbonensi,
862 3633 962 3691 statim
984 3651 1086 3691 versus
1107 3632 1200 3708 Alpes
1222 3654 1252 3692 se

191 3730 369 3801 direxerunt,
401 3731 586 3790 intraverunt
617 3732 768 3806 regionem
799 3731 899 3790 Mallio
922 3730 1042 3790 Consuli
1064 3731 1252 3791 commissam

190 3930 393 3937 ———

226 4041 243 4103 ¹)
261 4049 342 4096 Licin.
361 4052 401 4107 33,
421 4052 450 4096 5:
470 4051 593 4106 „victoria
611 4051 795 4111 Cimbrorum’',
815 4054 990 4109 „Cimbrorum
1007 4051 1133 4113 legatio’';
1152 4054 1201 4100 Dio
1219 4054 1249 4100 lr.

191 4138 220 4181 89
247 4131 260 4189 ἓ
285 4137 314 4181 2;
344 4134 413 4190 „coir
433 4127 564 4195 Κίμβροις
583 4132 744 4197 01’μμίὲων”;
772 4142 843 4187 Oros.
861 4142 889 4197 V,
909 4144 948 4198 16,
968 4142 997 4187 7:
1026 4141 1125 4195 ,metus
1152 4139 1249 4187 fuitne

192 4208 342 4275 „confestim
360 4221 455 4269 Cimbri
473 4221 551 4280 Alpes
569 4225 823 4283 transgrederentur”
833 4241 839 4284 3
857 4227 913 4274 Liv.
933 4241 971 4286 ep.
991 4227 1037 4273 67:
1058 4227 1182 4282 ,Scaurus
1193 4263 1198 4273 .
1209 4261 1215 4273 .
1226 4261 1247 4273 ..

192 4319 220 4377 ,a
239 4305 348 4353 Cimbris
359 4341 364 4352 .
376 4341 381 4352 .
392 4341 397 4352 .
409 4341 414 4354 .
434 4310 523 4382 captus
541 4309 606 4367 est’'‚
626 4311 737 4368 „Cimbri
748 4347 753 4359 .
764 4348 769 4359 .
781 4346 803 4360 ..
822 4313 847 4360 in
864 4313 1013 4386 Hispaniam
1031 4311 1209 4383 transgressi&
