2916 5062
801 454 838 514 14

290 617 457 693 auguribus
474 616 635 692 respondit,
658 616 775 690 allogat,
789 615 840 691 qui
852 614 956 690 grandi
968 614 1035 690 igno
1048 633 1114 672 cum
1126 613 1225 673 lucida
1237 612 1356 673 flamina

290 743 305 782 e
336 727 415 783 terra
442 722 572 782 evomito
594 721 753 781 effecerunt
778 713 839 792 ,uls
863 710 1095 792 (t'vtqdwslbs,
1118 709 1358 792 &arcidiaconus

294 824 367 901 ,καὶ
402 823 558 901 περιττός,
593 816 692 899 ἄρξας
725 815 904 890 ἀπαλλάξει
942 828 979 899 τῇ
1014 814 1101 879 πόλει
1138 818 1277 900 ταραχὰς
1301 820 1357 886 τας

294 929 492 1009 „nopotem”
517 934 547 1008 1).
590 933 677 991 Hunc
709 933 806 991 virum
838 933 921 990 Sulla
952 952 982 991 se
1016 952 1078 991 esse
1101 934 1257 991 affirmavit
1283 928 1356 1002 „viis

294 1037 369 1114 ,μὲν
394 1035 452 1114 γὰρ
482 1036 585 1114 duisme
608 1027 693 1092 ἴδιον
717 1023 798 1091 εἶναι
825 1032 859 1090 τὸ
883 1031 952 1111 περὶ
973 1033 1029 1109 τὴν
1048 1033 1144 1111 κόμην
1163 1027 1356 1113 χρναωπόν”;

291 1140 342 1200 sed
370 1141 400 1197 in
430 1140 476 1197 his
508 1137 605 1198 verbis
626 1155 685 1194 non
706 1136 783 1195 inest
804 1137 884 1212 quod
905 1137 1059 1195 Drumann
1080 1137 1175 1195 inesse
1197 1136 1357 1194 arbitratus

290 1242 344 1297 est.
387 1237 488 1297 Solum
521 1235 629 1293 dicitur
659 1235 768 1292 flavum
803 1236 903 1293 comae
936 1235 1065 1294 colorem
1097 1234 1196 1309 aliqua
1221 1236 1357 1309 exparte

289 1343 395 1402 faciem
426 1341 605 1418 peculiarem
626 1339 807 1410 reddidisse3
841 1342 905 1397 erat
935 1340 1035 1416 itaque
1069 1333 1160 1413 ,ditat
1188 1329 1356 1412 διάφθρθς”

290 1440 309 1498 i.
332 1460 356 1499 e.
388 1439 520 1514 insignis,
553 1437 632 1514 quod
664 1441 726 1496 tam
759 1457 827 1496 cum
856 1437 907 1513 qui
927 1438 1005 1496 inter
1025 1439 1098 1497 alios
1120 1438 1245 1508 excellit,
1268 1457 1357 1513 quam

291 1557 358 1596 eum
380 1537 432 1614 qui
453 1537 538 1595 facile
561 1535 751 1611 conspicitur,
774 1536 930 1610 significat.
959 1537 1063 1597 Altero
1076 1539 1251 1612 argumento
1262 1535 1359 1594 utitur

291 1635 371 1712 quod
406 1635 504 1707 Sulla,
539 1654 606 1694 cum
638 1634 800 1709 imperator
832 1638 918 1705 esset,
950 1634 1045 1693 Roma
1076 1635 1194 1706 relicta,
1216 1633 1358 1708 Neapoli,

291 1732 471 1793 Graecorum
501 1752 614 1792 rnorem
644 1735 764 1791 secutus
787 1731 976 1808 chlamydato
998 1732 1054 1791 sibi
1076 1736 1106 1791 et
1127 1732 1278 1808 crepidato
1300 1751 1359 1789 am·

290 1832 392 1890 bularc
425 1831 555 1890 deforme
577 1848 636 1889 non
658 1829 776 1888 duxerit
797 1829 830 1902 2).
873 1829 931 1888 Sed
953 1850 1017 1888 eam
1038 1850 1101 1888 rem
1123 1831 1248 1888 vanitati
1269 1830 1358 1888 docu-

289 1933 389 1988 mento
422 1948 484 1987 esse
516 1928 564 1988 vix
595 1946 683 2002 posse
709 1927 756 1986 vel
778 1946 812 1984 ex
833 1927 905 2002 ipsis
928 1927 1075 1987 Ciceronis
1096 1927 1194 1987 verbis
1217 1926 1357 2006 efficitur:

290 2028 490 2105 „Deliciarum
511 2025 629 2096 couso”,
648 2025 698 2096 ait,
719 2025 937 2101 „etcoluptutia
948 2044 1007 2084 non
1017 2025 1106 2084 modo
1119 2026 1195 2084 cives
1207 2025 1356 2083 Romanos

293 2125 362 2196 ,sed
379 2128 409 2183 et
427 2123 540 2183 nobiles
553 2122 753 2182 adolescentes
765 2125 795 2180 et
807 2122 952 2198 quosdam
964 2123 1053 2181 etiam
1065 2127 1223 2194 senatores
1239 2141 1356 2181 summo

293 2223 375 2295 ,loco
396 2225 491 2291 natos,
513 2241 572 2280 non
592 2220 623 2278 in
640 2221 734 2279 hortis
751 2224 804 2279 aut
816 2218 992 2280 suburbanis
1005 2222 1076 2292 suia,
1089 2221 1140 2280 sed
1150 2221 1276 2296 Neapoli
1288 2266 1294 2279 .
1308 2266 1314 2278 .
1329 2264 1355 2278 ..

293 2340 378 2393 ,curn
409 2320 521 2378 mitella
549 2338 635 2394 saepe
661 2318 810 2390 vidimus3
833 2319 1054 2395 chlamydatum
1076 2319 1109 2378 L.
1132 2319 1244 2377 Sullam
1265 2318 1356 2393 impe·

293 2421 458 2491 „ratorcm”
480 2417 513 2491 ⁸).

332 2516 413 2575 Sulla
444 2516 550 2592 gratia,
582 2535 641 2592 qua
673 2515 752 2591 apud
783 2515 935 2574 Bocchum
967 2535 1040 2575 usus
1072 2519 1127 2587 est,
1159 2515 1211 2592 qui
1232 2535 1300 2574 cum
1321 2532 1356 2573 eo

291 2615 480 2690 potissimum
512 2613 548 2672 de
578 2613 722 2672 tradendo
749 2612 896 2688 iugurtha
917 2613 979 2689 egit
1000 2617 1030 2672 et
1051 2614 1112 2672 suis
1132 2613 1270 2689 precibus
1291 2613 1378 2671 sati-⁴

292 2715 380 2788 gatus
408 2712 527 2771 tandem
555 2711 716 2770 Numidam
737 2730 837 2787 regem
859 2711 949 2783 dedit,
971 2712 1116 2787 gloriatus
1138 2715 1184 2770 est
1203 2712 1245 2786 4);
1267 2711 1353 2769 etiam

293 2811 414 2868 anulum
424 2809 628 2885 signatorium,
638 2828 698 2884 quo
710 2828 757 2868 res
770 2809 861 2868 incisa
872 2813 944 2880 erat,
957 2809 1013 2868 sibi
1023 2809 1191 2868 faciendum
1204 2809 1357 2882 curarim).

293 2907 400 2967 Postea
411 2906 582 2965 muneribus
594 2908 766 2966 Maurorum
777 2908 856 2983 regis
868 2908 1032 2966 delectatus
1045 2911 1098 2979 est,
1110 2907 1162 2984 qui
1169 2910 1204 2965 ut
1212 2908 1358 2982 populum

294 3006 403 3065 coleret
434 3008 463 3064 et
485 3004 583 3063 Sullae
605 3010 709 3080 gratus
732 3008 809 3064 essct
830 3005 1025 3081 triumphales
1046 3005 1195 3064 Victorias
1216 3006 1358 3080 iuxtaque

293 3122 411 3162 auream
433 3105 563 3162 statuam
584 3102 758 3177 Iugurthae,
780 3122 869 3179 quem
890 3103 953 3179 ipse
975 3103 1074 3162 Sullae
1085 3102 1263 3162 tradebatin
1275 3103 1357 3178 Capi·

293 3202 366 3260 tolio
388 3199 534 3259 dedicavit
546 3199 578 3273 6).
625 3199 687 3259 Nec
708 3203 808 3258 tamen
829 3200 911 3259 Sulla
931 3201 999 3276 plus
1021 3201 1050 3258 in
1073 3200 1113 3260 eis
1135 3201 1245 3277 posuit,
1268 3220 1357 3277 quam

294 3299 375 3375 quod
396 3298 503 3358 statuis
525 3301 555 3357 et
576 3297 741 3357 simulacris
764 3298 792 3356 id
815 3298 1047 3373 significabatur,
1070 3299 1150 3375 quod
1172 3299 1357 3375 sibipersua·

331 3627 348 3689 ¹)
382 3635 448 3681 riui.
477 3635 546 3681 suna
564 3636 587 3681 a.
610 3657 639 3666 -
670 3625 687 3688 Ξν
715 3635 765 3682 ca.
792 3648 838 3694 pro
862 3636 1357 3695 Rab.P0st.10,27;Va1.Max.111‚

296 3722 318 3776 6,
337 3722 359 3765 3.
380 3744 410 3752 -
431 3711 449 3774 ³]
468 3719 518 3766 Cic.
540 3718 602 3765 ibid.
621 3721 660 3765 26.
681 3744 711 3751 -
737 3711 756 3773 ⁴)
775 3721 825 3767 co.
841 3720 900 3767 Sall.
918 3721 947 3767 B.
966 3722 986 3770 Ι.
1006 3723 1061 3780 103,
1081 3723 1102 3769 7.
1123 3748 1150 3755 -
1176 3714 1194 3776 ⁶)
1213 3723 1277 3768 Plin.
1287 3723 1316 3769 N.
1327 3723 1357 3768 H.

295 3805 334 3861 37,
353 3805 379 3850 9:
401 3803 485 3859 „Sulla
503 3804 613 3851 dictator
631 3804 769 3850 traditione
786 3805 925 3864 Iugurthae
944 3819 1044 3866 semper
1061 3806 1204 3866 signavit'’;
1222 3807 1275 3854 Val.
1293 3808 1358 3853 Mas.

293 3888 362 3945 VIII,
382 3890 421 3947 14,
438 3889 471 3934 4:
491 3889 535 3944 ,L.
554 3889 672 3935 Sulla...
687 3889 826 3948 Iugurthae
845 3903 860 3935 a
876 3890 979 3937 Boccho
998 3905 1057 3950 rege
1075 3891 1107 3938 ad
1119 3893 1227 3939 Marium
1242 3892 1359 3951 perducti

296 3976 392 4030 „totam
420 3974 470 4020 sibi
495 3974 596 4020 laudem
620 3976 673 4020 tam
690 3974 780 4034 cupide
800 3975 912 4022 asseruit
929 3978 957 4023 ut
976 3977 1059 4034 anulo,
1075 3991 1125 4037 quo
1144 3977 1284 4036 signatorio
1304 3979 1358 4022 ute·

295 4059 393 4116 „batur,
420 4058 574 4118 insculptam
592 4058 662 4104 illam
680 4059 843 4106 traditionem
861 4060 1000 4118 haberet;”
1019 4062 1086 4108 Plut
1105 4061 1207 4108 Sullas
1228 4053 1325 4116 „mltis
1344 4051 1356 4099 ὅ

295 4134 436 4202 ϋΣΗλας.
449 4134 650 4197 ..γλυψάμενος
676 4137 703 4185 ἓν
721 4136 858 4204 δακτυλίῳ
875 4139 984 4204 (ἐφόρει)
1003 4137 1094 4188 εἰκόνα
1114 4143 1162 4203 τῆς
1179 4138 1294 4206 πράξεως
1313 4140 1358 4184 καὶ

296 4219 400 4285 „raian
426 4238 457 4283 γε
483 4218 618 4288 χρώμενος
641 4221 686 4269 ἀεὶ
705 4220 858 4274 διετέλεσεν
868 4230 893 4291 ;”
916 4232 961 4278 cfr.
979 4231 1040 4277 Plut
1065 4232 1126 4278 Mar.
1146 4232 1184 4276 32.
1205 4255 1235 4262 —
1256 4222 1274 4284 “l
1292 4230 1358 4277 Plut.

294 4312 356 4360 Mar.
377 4312 424 4369 10;
442 4313 512 4359 Sulla
531 4314 561 4371 63
580 4313 619 4360 Do
640 4313 702 4376 reip.
721 4317 823 4372 gerend.
842 4331 925 4378 praec.
946 4318 985 4362 12.
