2916 5062
697 439 752 499 119

194 601 310 676 rupisse
331 605 366 660 ut
387 603 510 676 augeret
530 599 655 675 gloriam
676 600 770 672 Marii,
789 620 864 676 quae
883 619 952 659 sana
963 601 1133 661 huiusmodi
1144 601 1258 661 artibus

195 719 254 759 non
274 699 435 775 indigebat.

235 797 293 856 Sed
323 798 413 856 etiam
444 796 632 868 Plutarchus,
663 796 819 856 insolentia
851 796 891 855 rei
915 796 1093 868 admonitus
1115 798 1258 858 hocloco

195 896 322 972 inspexit
353 895 444 953 alium
475 897 636 953 auctorem.
686 894 731 952 Ex
762 913 797 954 eo
829 898 950 954 auctore
981 895 1111 970 primum
1143 896 1258 968 statuit,

193 1012 308 1070 pugnas
342 993 378 1051 ad
405 995 507 1068 Aquas
530 991 644 1052 Sextias
665 996 765 1068 gestas
786 992 878 1052 fuisse
900 1012 990 1069 quam
1010 993 1136 1053 maxime
1158 1013 1258 1053 cruen-

194 1096 255 1164 tas;
290 1091 512 1151 multitudinem
540 1090 716 1150 cadaverum
737 1094 798 1149 tam
819 1091 969 1166 ingentem
991 1091 1082 1151 fuisse
1103 1092 1203 1164 tradit,
1224 1096 1259 1151 ut

195 1190 392 1250 Massilienses
417 1188 600 1265 aliquamdiu
622 1188 748 1261 ossibus,
771 1208 898 1265 quorum
919 1188 1047 1247 maxima
1068 1189 1153 1265 eopia
1173 1190 1203 1248 iu
1224 1210 1258 1250 eo

197 1308 300 1364 campo
332 1291 403 1358 erat,
435 1290 591 1346 uterentur
622 1286 659 1345 ad
689 1286 788 1346 vineas
819 1286 999 1362 saepiendas.
1040 1286 1160 1358 Platea,
1182 1276 1257 1364 quae

198 1387 298 1464 prodit
325 1389 477 1446 auctorem
498 1404 598 1444 rerum
620 1384 798 1444 Gallicarum
820 1388 850 1444 et
870 1385 1099 1444 Massiliensium
1118 1384 1257 1461 peritum,
1373 1463 1376 1469 Ι

196 1485 267 1562 3313
289 1484 325 1543 ad
347 1479 518 1542 Posidonii
539 1479 694 1542 historiam
712 1483 863 1542 referenda
880 1482 927 1554 sit,
939 1483 1055 1541 nullum
1067 1485 1112 1542 331
1123 1481 1255 1544 dubium.

235 1582 326 1658 Apud
357 1581 483 1641 eundem
514 1584 665 1641 auctorem
697 1584 797 1640 autem
828 1580 1005 1639 Plutarchus
1038 1600 1068 1640 se
1089 1581 1177 1656 louge
1199 1581 1255 1640 3113

198 1681 302 1757 legisse
334 1680 406 1739 dicit
437 1680 472 1739 de
503 1679 616 1738 ratione
648 1699 707 1755 qua
739 1679 774 1738 de
805 1679 914 1755 praeda
936 1682 1035 1738 actum
1057 1682 1144 1750 esset,
1167 1699 1257 1756 quam

198 1798 272 1856 quae
303 1778 466 1838 tradiderat
487 1781 590 1838 auctor
611 1776 744 1836 Latinus.
785 1776 854 1836 Nou
875 1776 957 1835 addit
978 1776 1106 1852 quidam,
1129 1777 1201 1852 quid
1222 1776 1257 1836 de

193 1876 320 1953 praedae
340 1896 399 1936 usu
420 1875 583 1935 narraverit
603 1876 628 1934 is
649 1878 766 1947 auet0r3
789 1873 840 1934 sed
851 1893 905 1935 nos
917 1894 1012 1933 errare
1023 1875 1072 1933 vix
1082 1875 1256 1951 poterimus

196 1975 221 2034 si
251 1976 420 2047 statuimus,
452 1974 483 2032 id
513 1974 611 2050 ipsum
639 1974 730 2033 fuisse
759 1973 839 2049 quod
860 1972 940 2048 apud
961 1973 1086 2032 Diouem
1107 1975 1258 2032 servatum

195 2078 247 2133 est.
289 2074 444 2133 Affirmare
465 2073 558 2149 igitur
577 2073 656 2144 licat,
677 2071 867 2132 traditionem
888 2091 988 2131 veram
1008 2067 1181 2130 Posidonii
1201 2071 1257 2132 hae

195 2172 224 2230 in
245 2191 276 2231 re
297 2193 314 2230 a
335 2172 429 2231 Dione
451 2191 514 2230 3333
535 2170 692 2247 proditam.

234 2271 367 2346 Denique
388 2269 566 2329 Plutarchus
588 2268 671 2327 addit
690 2268 769 2327 hune
791 2271 942 2329 auctorem
963 2268 1053 2327 etiam
1074 2267 1109 2326 de
1131 2287 1254 2328 numero

196 2387 348 2428 caesorum
379 2369 466 2443 longe
498 2368 554 2426 alia
578 2366 735 2426 tradidisse
757 2387 846 2443 quam
867 2387 942 2443 quae
963 2366 1134 2426 tradidisset
1154 2369 1258 2426 auctor

195 2466 327 2526 Latinus.
349 2466 394 2526 Ne
416 2467 472 2526 hoo
494 2465 614 2542 quidem
636 2465 802 2524 accuratius
821 2455 1162 2540 eiposuitPlutarehus3
1184 2465 1256 2524 veri·

195 2566 288 2625 simile
310 2569 354 2624 est
367 2564 568 2636 Posidonium,
580 2567 616 2622 ut
626 2567 779 2623 auctorem
789 2563 966 2639 prudentem
977 2566 1007 2622 et
1017 2583 1115 2621 rerum
1126 2562 1256 2638 peritum

195 2663 287 2735 decet,
309 2664 427 2723 omnino
449 2682 606 2721 numerum
626 2682 686 2722 non
698 2662 821 2721 dedisse.
843 2661 954 2737 Utique
966 2664 1257 2737 apparatuumerum

193 2781 281 2837 quem
312 2761 447 2821 exhibeat
477 2760 655 2819 Plutarchus
684 2759 838 2834 (100000)
871 2779 930 2818 333
953 2779 992 2818 ex
1013 2759 1172 2819 Posidonio
1193 2779 1256 2819 3333

195 2863 364 2936 sumptum;
395 2859 574 2918 Plutarchus
602 2858 679 2916 euim
708 2857 780 2917 dicit
800 2857 992 2917 Posidonium
1014 2876 1194 2934 repugnasse
1216 2857 1257 2916 eis

195 2978 270 3034 quae
291 2958 354 3034 ipse
375 2957 464 3017 modo
486 2957 653 3033 scripserat.

232 3057 346 3115 Verum
376 3056 454 3114 unde
486 3057 565 3114 huuc
593 3073 750 3113 numerum
771 3054 924 3128 (100000)
946 3057 1101 3113 mutuatus
1123 3057 1168 3113 est
1188 3054 1256 3113 Plu·

193 3156 335 3214 tarchus?
376 3154 457 3212 Num
479 3153 620 3212 debemus
641 3153 720 3211 hunc
741 3171 907 3223 numerum,
930 3152 981 3228 qui
996 3171 1090 3228 neque
1103 3153 1257 3212 conveniat

193 3253 312 3313 Valerio
333 3253 448 3311 Antiati
469 3255 499 3310 et
520 3251 614 3327 Livio,
636 3270 732 3327 neque
752 3250 921 3322 Posidonio,
944 3250 981 3308 ad
998 3250 1117 3308 tertiam
1129 3250 1257 3326 aliquam

194 3351 383 3411 traditionem
413 3351 542 3409 referre?
585 3349 692 3409 Ohstat
722 3348 863 3421 Velleius
895 3349 947 3425 qui
977 3348 1078 3423 prodit
1099 3368 1257 3407 numerum

196 3451 337 3520 150.000;
358 3448 427 3508 huic
449 3448 474 3507 si
494 3447 573 3506 idem
593 3447 723 3506 tribuere
744 3447 896 3518 vellemus,
915 3449 1052 3522 quartam
1067 3446 1255 3505 etiamtradi-

195 3548 305 3607 tionem
327 3546 577 3621 distingueremus
598 3565 716 3605 neeesse
738 3549 823 3604 esset.
866 3544 925 3604 Sed
941 3544 1014 3602 nihil
1024 3544 1070 3603 his
1082 3544 1255 3620 ambagibus

196 3664 271 3721 opus
302 3648 356 3704 est.
397 3644 531 3703 Dubium
562 3663 620 3705 333
653 3646 698 3703 331
722 3644 794 3720 3313
815 3647 845 3702 31
865 3643 1043 3702 Plutarchus
1064 3646 1094 3701 et
1114 3642 1255 3715 Velleius,

196 3764 263 3803 cum
295 3744 330 3802 de
361 3743 492 3802 numeris
523 3743 687 3802 Valerianis
719 3742 897 3812 dubitarent,
930 3760 984 3800 suo
1015 3741 1110 3800 Marte
1131 3741 1256 3818 quisque

197 3861 310 3918 suoque
341 3842 473 3913 arbitrio,
506 3842 541 3900 de
572 3842 628 3901 hoc
656 3861 779 3902 numero
801 3839 988 3910 diminuisse3
1010 3839 1091 3915 quod
1111 3842 1146 3898 ut
1166 3839 1256 3899 libere

194 3942 333 4013 facerent,
364 3939 544 4000 vocabulum
579 3939 742 4015 „amplius”
775 3939 855 4015 quod
886 3937 1042 4009 addebant,
1072 3937 1186 4013 copiam
1215 3938 1256 3997 313

196 4039 293 4098 dabat.

235 4137 305 4212 Gap.
337 4135 388 4195 22.
430 4136 542 4196 Marius
573 4157 608 4196 ex
638 4136 747 4212 praeda
777 4138 892 4211 partem
914 4135 1042 4211 aliquam
1064 4134 1148 4210 eligit
1168 4155 1257 4211 quam

195 4235 348 4319 triumpho
378 4239 524 4312 reservet,
556 4235 697 4315 reliquam
729 4238 853 4318 partem,
883 4234 944 4293 scil.
966 4233 1098 4297 detracta
1119 4254 1153 4293 ea
1173 4237 1257 4316 parte
