2916 5062
706 517 747 586 8'3

195 685 281 746 fuisse
313 686 435 763 insuper
466 686 555 744 etiam
588 687 743 762 proprium
775 706 881 744 nomen
903 687 1103 763 (Cimbrorum
1126 689 1259 762 scilicet),

197 805 373 861 quamquam
404 785 459 843 hoc
491 804 598 844 nomen
627 804 685 843 non
713 785 803 843 addit.
846 786 1001 860 Appianas
1024 787 1077 845 bos
1099 787 1259 858 Teutonos

197 911 266 966 quos
295 891 368 950 dicit
398 898 527 961 „polpav
553 876 762 963 lpotkdovstav
787 879 1023 963 uoldavdpuffl,
1045 911 1103 951 non
1125 893 1221 951 minus
1243 913 1260 949 a

196 989 312 1065 reliquis
335 989 477 1048 Teutonis
500 988 659 1064 distinguit
680 1009 768 1065 quam
791 989 902 1061 Livius,
926 990 977 1065 qui
999 1009 1048 1049 eos
1071 991 1142 1048 dicit
1167 990 1259 1062 „cim-

198 1087 279 1158 „bros
301 1087 539 1164 populabundos
562 1089 682 1162 gentem
704 1091 838 1162 vagam.”

232 1186 275 1244 De
308 1185 421 1261 origine
452 1185 578 1244 nominis
611 1184 798 1244 Cimbrorum
827 1185 938 1260 aliquid
967 1186 1164 1244 ePlutarcho
1186 1186 1259 1243 effici

195 1294 301 1366 potest.
343 1292 373 1350 Is
405 1291 477 1350 dicit
509 1290 670 1350 Germanos
702 1292 841 1363 latrones
876 1284 946 1353 τοδε·
971 1278 1098 1366 λῃστάς,
1125 1290 1258 1350 Cimbros

196 1389 342 1448 nominare
374 1391 468 1448 solere
492 1389 522 1462 ¹).
565 1389 671 1464 ltaque
700 1409 823 1466 semper,
853 1389 970 1465 quoties
992 1409 1009 1447 a
1030 1408 1137 1461 magna
1158 1389 1259 1447 multi-

195 1487 293 1546 tudine
325 1488 579 1563 peregrinantium
611 1507 716 1562 agmen
749 1489 868 1564 aliquod
901 1507 931 1546 se
959 1488 1124 1563 separabat,
1143 1491 1177 1546 ut
1198 1488 1258 1546 lon-

197 1586 259 1659 gius
287 1605 398 1661 vagans
430 1585 569 1661 praedam
602 1586 712 1644 faceret
743 1590 773 1644 et
805 1586 907 1644 deiude
939 1605 1042 1644 rursus
1065 1605 1131 1644 cum
1154 1586 1258 1644 ceteris

197 1701 223 1741 se
245 1684 447 1758 coniungeret,
469 1683 500 1740 hi
520 1684 586 1753 viri,
608 1683 659 1759 qui
681 1682 718 1741 ad
739 1685 797 1742 tale
820 1703 925 1758 agmen
946 1684 1167 1760 praedatorium
1185 1684 1258 1741 coie-

197 1784 259 1839 rant
279 1780 474 1856 expeditionis
496 1780 620 1839 alicuius
642 1781 790 1839 faciendae
812 1781 916 1856 gratia,
940 1781 1126 1840 Cimbrorum
1142 1781 1259 1840 nomine

197 1877 325 1954 insigniti
349 1899 412 1938 esse
434 1879 581 1937 videntur.
624 1879 802 1937 Plutarchus
824 1879 886 1954 ipse
907 1880 963 1938 hoc
985 1880 1139 1938 coufirmat
1160 1883 1259 1938 vetere

197 1978 338 2052 exemplo.
381 1977 461 2036 Dicit
493 1976 666 2036 Cimmerios
698 1977 773 2048 illoc,
806 1977 858 2053 qui
879 1977 950 2036 olim
972 1976 1091 2036 Graecis
1113 1981 1174 2035 tam
1196 1977 1259 2036 noti

195 2073 328 2146 fuissent,
361 2075 412 2150 qui
444 2096 461 2133 a
492 2074 629 2134 litoribus
661 2074 750 2133 maris
777 2074 885 2133 Euxini
906 2095 1000 2151 usque
1022 2074 1059 2132 ad
1080 2075 1208 2133 Mediam
1230 2079 1260 2133 et

194 2171 296 2232 Asiam
329 2173 472 2231 Minorem
503 2176 645 2247 vagantes
676 2175 889 2247 penetrassent,
918 2173 998 2248 ipsos
1027 2193 1146 2249 quoque
1167 2173 1258 2232 fuisse

192 2279 307 2343 partem
340 2270 458 2329 maioris
490 2270 615 2345 agminis
648 2269 702 2328 sub
731 2270 877 2346 Lygdami
909 2270 983 2330 duce
1014 2271 1050 2328 ab
1078 2271 1128 2329 illa
1148 2271 1258 2330 maiore

193 2377 386 2436 multitudine
409 2380 574 2452 separatam
600 2368 655 2446 „ou
674 2366 755 2448 μέγα
774 2365 924 2445 γενέσθαι
942 2387 992 2429 τοῦ
1006 2370 1125 2438 παντὸς
1136 2372 1259 2449 μόριον,

196 2478 321 2554 »φυγὴν
344 2484 361 2551 ἢ
387 2477 495 2536 στάσιν
522 2475 594 2536 τινὰ
618 2474 806 2557 βιασθεῖσαν
829 2476 890 2537 ὑπὸ
915 2480 1058 2536 Σκυθῶν
1083 2476 1125 2545 rl3
1138 2471 1259 2536 Ἀσίαν

197 2583 281 2660 „aaa
306 2590 359 2660 τῆς
382 2578 603 2651 Μαιωῖῖδῡς·”
645 2590 699 2648 His
725 2589 816 2664 igitur
837 2590 927 2648 etiam
949 2589 1074 2646 inditum
1095 2589 1187 2646 fuisse
1208 2606 1258 2646 no·

191 2706 261 2747 men
294 2688 458 2747 Cimmeriis
490 2688 639 2762 (Cimbris)
671 2688 744 2746 bene
777 2689 913 2748 convenit
945 2707 1011 2746 cum
1044 2706 1088 2758 eo,
1121 2686 1201 2762 quod
1223 2686 1258 2743 de

192 2786 409 2862 significatione
441 2786 529 2845 buius
557 2785 682 2844 nominis
711 2785 784 2844 dixit
805 2786 993 2844 Plutarchus.
1035 2785 1139 2860 Neque
1160 2783 1258 2841 minus

193 2885 333 2944 convenit
353 2885 439 2954 ratio,
462 2904 521 2959 qua
542 2884 643 2943 Livius
666 2888 696 2942 et
716 2883 871 2958 Appianas
893 2881 1063 2941 describunt
1080 2882 1213 2940 Cimbros
1229 2880 1259 2938 a⁰

195 2991 267 3050 113⁰
275 2992 304 3049 in
312 2990 454 3050 Noricum
463 2990 647 3049 invadentes:
661 2997 789 3061 „palpatu
803 2976 1013 3063 tpocccouoar
1027 2975 1259 3057 nolrsavlmW,

198 3088 453 3165 „populabundos
476 3092 595 3163 gentem
616 3091 752 3164 vagam''.
999 3164 1003 3172 .

236 3186 356 3262 Origine
379 3186 474 3261 igitur
494 3186 549 3245 boc
571 3205 677 3245 nomen
698 3204 757 3244 non
778 3188 841 3242 erat
862 3184 1025 3260 proprium,
1049 3184 1100 3242 sed
1121 3182 1202 3260 quod
1223 3183 1259 3242 ab

195 3285 332 3346 omnibus
355 3284 508 3343 Germanis
531 3283 712 3360 aliquamdiu
733 3283 805 3358 geri,
828 3283 932 3341 deinde
956 3301 1026 3341 vero
1037 3301 1140 3339 rursus
1153 3281 1259 3356 deponi

194 3387 305 3460 posset.
348 3382 406 3441 Sed
438 3384 551 3441 clarum
579 3397 624 3440 esc
646 3381 702 3440 hoc
733 3401 840 3439 nomen
862 3380 945 3438 annis
970 3379 1176 3438 1130-10111111
1199 3379 1258 3436 vim

195 3482 321 3541 nominis
352 3480 465 3557 proprii
497 3480 651 3554 accepisse,
686 3479 831 3554 siquidem
863 3497 979 3552 semper
1000 3476 1093 3535 eidem
1115 3475 1146 3532 hi
1166 3478 1258 3545 erant,

197 3580 248 3654 qui
279 3579 396 3654 saepius
428 3598 445 3636 a
476 3578 585 3636 maiore
617 3576 808 3636 multitudine
837 3576 966 3651 separati
993 3594 1072 3632 nunc
1101 3573 1160 3630 huc
1181 3592 1259 3631 nunc

195 3678 265 3736 illuc
296 3680 438 3752 vagantes
469 3675 670 3751 procederent,
692 3694 771 3731 nunc
792 3674 822 3730 in
842 3673 995 3743 Noricum,
1017 3674 1121 3747 postea
1142 3670 1171 3727 in
1192 3689 1259 3744 pro·

193 3776 319 3834 vinciam
341 3772 571 3844 Narbonensem,
594 3772 660 3830 inde
682 3773 711 3829 in
732 3771 906 3847 Hispaniam
929 3770 1099 3829 invadentes
1121 3771 1151 3825 et
1175 3787 1258 3842 prae·

195 3873 262 3932 dam
284 3875 468 3948 quaerentes

236 3970 347 4031 Cimbri
377 3970 470 4045 igitur
502 3988 568 4027 cum
590 3987 666 4027 anno
690 3967 760 4026 113⁰
781 3967 811 4025 in
832 3967 975 4027 Noricum
997 3965 1139 4033 venirent,
1162 3962 1257 4022 Carbo

197 4071 306 4130 Consul
327 4070 356 4127 in
377 4069 496 4144 Illyrico
519 4072 581 4125 erat
602 4087 670 4125 cuin
692 4067 831 4137 exercitu,
855 4065 906 4140 qui
927 4065 1039 4124 veritus
1052 4084 1087 4121 ne
1100 4062 1258 4119 inltaliam

198 4169 402 4243 irrumperent,
435 4166 528 4224 saltus
560 4165 653 4224 Iulios
684 4165 761 4224 inter
782 4164 949 4240 Aquileiam
970 4161 1074 4221 urbem
1097 4164 1126 4218 et
1148 4160 1258 4218 Savum

233 4391 250 4456 ¹)
268 4399 334 4446 Plut.
349 4397 411 4444 Mar.
433 4398 479 4454 113
498 4398 542 4445 cfr.
560 4394 714 4443 Posidonius
733 4397 799 4456 apud
817 4395 907 4452 Strab,
924 4407 981 4455 pag.
1001 4395 1061 4440 102a
1078 4397 1104 4442 ot
1122 4397 1192 4442 293³.
