2916 5062
629 479 666 537 41

120 637 207 696 invisi
239 639 416 697 successoris
448 642 639 715 conspectum
670 639 783 714 fugisse
809 641 839 697 et
859 639 964 698 Uticae
986 640 1186 701 exercituma

120 735 235 795 Rutilio
256 737 355 811 legato
376 737 470 796 Mario
492 737 607 796 consuli
627 737 772 795 traditum
794 756 867 808 esse,
886 737 996 796 talibus
1010 739 1107 798 verbis
1120 758 1185 798 con·

120 833 270 905 scribitur,
292 835 391 910 qualia
412 835 472 894 fere
494 835 574 911 apud
596 835 771 894 Sallustium
792 836 941 910 leguntur.

242 986 322 1044 Plus.
343 986 416 1044 Mar.
440 1006 463 1045 c.
489 987 534 1045 10.
826 987 895 1045 Sall.
918 987 966 1059 86,
988 988 1016 1046 4.

148 1101 208 1180 „033
222 1098 255 1161 δὲ
269 1097 452 1163 διέπλευσεν
465 1105 508 1171 εἷς
518 1101 643 1184 Λιβύην
708 1103 823 1178 „igitur
833 1102 944 1162 Marius
957 1148 963 1161 .
977 1148 983 1162 .
997 1148 1003 1161 .
1015 1104 1044 1162 in
1057 1103 1188 1163 Africam

125 1202 311 1286 ,Μέτελλος
350 1209 407 1286 μὲν
449 1211 552 1289 {jum
589 1200 1188 1277 105)„profectuspaucisdiebusUticam

126 1316 272 1392 »φθόνου
296 1316 459 1392 alapam
480 1315 531 1375 καὶ
552 1338 643 1395 7139‘.
667 1299 848 1371 „advehitun
878 1297 1023 1357 exercitus
1052 1299 1079 1357 ei
1099 1298 1187 1357 tradi-

126 1422 360 1499 ππαθὼνω.
390 1420 446 1504 0in
475 1419 642 1499 puppam
668 1400 735 1468 „tur
756 1417 772 1454 a
793 1398 826 1455 P.
848 1397 962 1456 Rutilio
984 1398 1092 1472 legato,
1121 1417 1188 1454 nam

100 1511 103 1515 ·
575 1523 643 1587 ἀλλ’
669 1495 822 1566 „Metellus
870 1494 956 1552 Marii
997 1498 1188 1571 conspectum

669 1593 812 1667 „fugerat
844 1612 880 1650 ne
911 1592 1025 1651 videret
1053 1612 1086 1650 ea
1114 1611 1189 1668 quae

668 1690 786 1762 „audita
807 1690 921 1748 animus
942 1690 1067 1750 tolerare
1088 1690 1189 1766 nequi·

670 1792 798 1861 „verat”

126 1528 189 1607 „aig
214 1527 248 1587 τὸ
272 1527 348 1589 αὐτὸ
372 1524 551 1603 sarathan,

127 1633 241 1714 ,αὐτὸς
301 1635 359 1712 μὲν
417 1632 642 1717 ὑπεξεχώρησε,

129 1737 330 1822 „Persidem
354 1736 387 1802 δὲ
413 1742 446 1800 τὸ
470 1745 643 1821 στράτευμα

129 1854 192 1928 „rm
226 1845 346 1927 Μαρίῳ
376 1843 549 1925 πάρεδωκε,
569 1870 643 1926 πρε-

131 1954 280 2036 πσβευτὴς
311 1950 448 2029 γεγονὼς
484 1970 535 2013 τοῦ
575 1956 648 2016 Ma-

131 2055 295 2140 „villum”

167 2202 325 2262 Sallustius
357 2202 455 2261 omnia
485 2203 545 2261 lere
573 2202 676 2261 ecdem
705 2202 793 2262 modo
815 2206 905 2278 atque
927 2202 1116 2272 Plutarchus,
1139 2201 1190 2260 sed

127 2303 222 2360 multo
244 2301 354 2358 maiore
375 2300 544 2375 prolixitate
567 2300 754 2375 conscripsit3
777 2320 881 2359 verum
899 2320 1000 2358 unare
1013 2301 1143 2358 multum
1155 2299 1191 2358 ab

127 2401 182 2459 hoc
215 2399 371 2474 discrepat.
414 2399 495 2468 Quae
529 2398 725 2474 discrepantia
747 2417 816 2457 cum
838 2398 874 2456 ad
897 2399 1141 2474 compositionem
1163 2401 1193 2456 et

127 2499 260 2558 ordinem
281 2516 381 2554 rerum
402 2498 496 2571 magis
519 2517 609 2572 quam
632 2498 668 2555 ad
690 2497 754 2572 ipsa
771 2497 850 2556 facta
867 2497 1014 2572 pertineat
1026 2501 1056 2556 et
1066 2499 1192 2571 uterque

128 2600 233 2656 auctor
264 2580 375 2654 eisdem
406 2594 503 2653 verbis
535 2598 647 2666 utatur,
670 2595 751 2652 nulla
774 2599 819 2653 est
841 2614 929 2653 causa
951 2614 1004 2653 cur
1025 2597 1192 2653 statuamus
1225 2667 1227 2671 .

102 2681 106 2688 ⁴
128 2693 303 2754 Sallustium
325 2712 360 2752 ex
380 2693 471 2763 fonte,
494 2693 579 2751 cuius
601 2692 779 2751 Plutarchus
797 2692 922 2768 ignarus
943 2692 1042 2762 fuerit,
1057 2692 1108 2749 illa
1121 2692 1191 2749 hau·

128 2793 209 2852 sisse.
241 2791 285 2849 Ea
303 2810 378 2866 quae
396 2791 438 2848 illi
455 2791 562 2849 litteris
581 2791 793 2865 consignarunt
807 2810 842 2848 ex
853 2790 956 2849 eodem
967 2791 1048 2848 fonte
1059 2808 1192 2847 manasse

129 2891 268 2949 videntur
289 2891 318 2946 et
340 2888 498 2947 Sallustius
520 2889 592 2964 ipse,
615 2888 792 2964 quibusdam
814 2888 931 2947 omissis
953 2891 983 2946 et
994 2887 1193 2957 commutatis,

129 3009 174 3047 res
205 2987 361 3063 paululum
392 2987 522 3045 novavit.
564 2986 631 3045 Non
660 2986 831 3045 dubitamus
853 3006 897 3057 ea,
919 3005 994 3061 quae
1016 2986 1193 3044 Plutarchus

130 3085 260 3145 Sallustii
282 3084 444 3142 narrationi
465 3083 586 3154 addidit,
608 3088 644 3142 ut
662 3085 792 3160 spatium
811 3084 966 3143 duodecim
978 3083 1101 3154 dierum,
1114 3084 1194 3158 quod

129 3189 196 3244 ante
217 3183 369 3260 petitionis
391 3186 510 3258 tempus
532 3185 693 3258 supererat,
716 3183 772 3241 iter
793 3183 912 3241 Uticam
933 3183 1054 3253 factum,
1071 3182 1193 3240 celerem

129 3282 348 3358 navigationem
381 3281 410 3338 in
439 3281 564 3352 Italiam,
587 3300 643 3356 pro
665 3282 741 3340 veris
762 3281 870 3339 habere
891 3285 921 3340 et
942 3281 1106 3340 breviorem
1128 3298 1193 3338 con-

112 3385 274 3456 spectum,
297 3378 352 3438 sub
375 3398 464 3455 quem
485 3379 663 3437 Plutarchus
681 3398 743 3436 rem
756 3379 889 3450 subiecit,
901 3379 956 3437 hac
968 3378 997 3436 in
1008 3398 1039 3436 re
1051 3378 1193 3437 veriorem

129 3483 159 3538 et
180 3478 394 3537 accuratiorem
415 3497 509 3552 quam
531 3476 664 3535 Sallustii
685 3477 860 3535 existimare.

171 3577 200 3635 ls
232 3575 267 3634 de
299 3575 393 3634 Mario
425 3578 556 3645 acturus,
589 3574 673 3633 initio
701 3574 781 3633 facto
803 3596 820 3632 a
840 3574 979 3634 vaticinio
992 3575 1023 3648 ¹),
1046 3573 1194 3649 prioribus

131 3673 315 3750 temporibus
347 3673 491 3748 repetitis,
525 3676 625 3730 narrat
657 3673 761 3731 deinde
791 3692 858 3730 eum
880 3672 1087 3732 demissionem
1108 3691 1194 3746 expo-

131 3773 261 3848 poscisse
283 3774 313 3830 et
334 3771 461 3846 explicat
483 3790 641 3842 sermones
664 3790 739 3846 quos
762 3790 829 3830 oum
850 3772 969 3830 Metello
992 3771 1027 3828 de
1039 3770 1195 3829 consulatu

131 3870 259 3947 petendo
280 3868 395 3927 habuit.
437 3869 477 3926 Hi
499 3887 657 3939 sermones
681 3869 744 3945 (qui
766 3868 847 3944 apud
858 3868 1052 3927 Plutarchum
1065 3867 1194 3926 vaticini·

132 3989 182 4027 um
204 3968 407 4043 praecedunt),
429 3966 525 4025 habiti
547 3986 610 4026 esse
631 3966 769 4025 videntur
788 3962 937 4042 superiore
948 3967 1044 4024 hieme
1057 3965 1086 4022 in
1100 3965 1194 4023 hiber-

131 4067 176 4125 nis
198 4067 235 4124 ad
256 4065 375 4124 Uticam
397 4065 558 4125 collocatis.
602 4064 760 4125 Sallustius
783 4068 882 4126 autem
901 4064 1009 4126 diserte
1031 4063 1157 4123 affirmat
1169 4063 1192 4141 1)

170 4320 188 4387 ¹)
207 4329 246 4391 aa,
266 4328 287 4378 1.
