2916 5062
604 1375 688 1438 OAP.
712 1373 735 1436 Ι.

204 1577 275 1655 or
303 1578 345 1655 n.
376 1576 632 1657 connum
660 1577 864 1656 surana
894 1575 1131 1678 ceroma,

168 1737 297 1816 run
324 1736 646 1838 nounsrrcn,
676 1736 888 1838 annona,
918 1736 1171 1816 moninus,

176 2197 210 2257 L.
233 2198 263 2256 O.
286 2197 369 2257 Sulla
396 2219 472 2258 anno
503 2196 575 2258 138⁰
603 2203 690 2258 natus
720 2202 773 2270 est,
795 2201 831 2257 ut
852 2198 977 2257 efficitur
998 2219 1032 2256 ex
1053 2219 1097 2271 eo,
1120 2197 1201 2276 quod

136 2315 212 2355 anno
234 2297 286 2354 89⁰
301 2297 629 2374 undequinquagesimo
642 2297 746 2356 aetatis
759 2316 834 2356 anno
847 2298 1033 2356 consulatum
1045 2301 1199 2356 assecutus

136 2397 182 2452 est
194 2397 223 2452 et
235 2415 259 2452 a.
274 2394 334 2466 790,
357 2395 573 2470 sexagesimum
585 2415 693 2454 annum
706 2414 805 2470 agens,
822 2395 947 2453 decessit
959 2394 991 2467 ¹).
1013 2395 1049 2453 Ei
1060 2396 1200 2470 patriciae

137 2493 243 2566 gentis,
266 2493 314 2551 cui
336 2493 471 2552 Cornelia
491 2513 597 2554 nomen
619 2497 691 2565 erat,
704 2493 796 2553 nobili
807 2493 872 2552 loco
885 2496 950 2553 orto
962 2493 1104 2569 imagines
1117 2497 1198 2552 erant

217 2591 250 2648 P.
273 2591 303 2649 0.
326 2591 434 2663 Rufini,
458 2592 526 2651 dict.
549 2613 574 2651 a.
597 2591 725 2666 33310),

216 2689 250 2747 P.
273 2689 434 2761 (1111111111,
457 2709 516 2750 coa.
539 2711 564 2749 a.
586 2690 667 2762 2900,
690 2688 771 2762 2770,
794 2690 863 2748 dict.
886 2689 967 2762 2760,

540 2809 556 2846 a
578 2807 637 2865 quo
659 2791 760 2847 sextus
782 2788 888 2862 erat3);

138 2885 203 2943 dein
226 2886 353 2946 duorum
374 2890 554 2962 praetorum,
583 2905 711 2963 quorum
733 2887 817 2945 alteri
838 2887 870 2945 P.
894 2886 1038 2958 Cornelio,
1069 2890 1186 2962 praetor

216 2984 330 3043 urbano
352 2988 382 3043 et
402 2985 558 3060 peregrino
580 2985 617 3058 (a.
633 2984 726 3057 2120),
748 2984 878 3059 primum
890 3005 905 3042 e
916 2984 1027 3042 familia
1039 3003 1199 3059 cognomen

217 3082 315 3141 Sullae
337 3087 409 3154 erat,
431 3086 467 3141 ut
487 3086 611 3158 apparet
632 3103 647 3141 e
669 3081 756 3141 Gellii
776 3082 873 3141 verbis
886 3082 927 3155 4):
947 3082 996 3154 „la
1010 3082 1092 3141 Sulla
1102 3102 1201 3141 rerum

220 3184 387 3255 „gestarum
419 3180 494 3239 libro
526 3181 654 3240 secundo
688 3181 730 3238 ita
751 3180 885 3254 scripsit:
913 3181 946 3239 P.
970 3180 1131 3252 Corneliae,
1154 3179 1201 3238 cui

220 3279 366 3355 „primum
398 3297 561 3354 cognomen
593 3278 692 3338 Sullae
713 3277 888 3353 impositum
913 3281 967 3349 est,
989 3279 1096 3336 flamen
1117 3276 1200 3335 dialis

219 3380 373 3454 „captus”;
407 3411 443 3420 —
476 3377 550 3435 alter
577 3376 666 3435 huius
688 3376 765 3434 filius

215 3476 249 3534 P.
272 3475 386 3534 Gornel.
408 3474 491 3533 Sulla
512 3495 536 3533 a.
562 3473 633 3533 1860
654 3477 774 3550 praetor
795 3473 911 3532 Siciliae
931 3472 1036 3545 fuit5).

176 3572 220 3630 Ex
252 3593 295 3645 ec,
328 3573 408 3649 quod
440 3571 552 3632 Gellius
585 3572 683 3631 Sullae
716 3572 948 3632 Commentarios
969 3572 1110 3644 laudavit,
1133 3591 1201 3631 cum

136 3673 283 3731 maiorum
314 3690 437 3731 suornm
468 3672 544 3730 vitas
566 3690 685 3747 quoque
708 3670 915 3745 conscripsisse
937 3670 1013 3728 effici
1034 3670 1200 3728 nonlicet:

136 3770 172 3829 da
193 3771 255 3830 suis
276 3769 448 3829 sacerdotiis
470 3787 559 3845 agens
580 3789 643 3827 rem
664 3769 814 3828 rettulisse
835 3769 963 3828 videtur.
1001 3768 1074 3827 Post
1094 3768 1201 3828 horum

173 4027 191 4087 ¹)
225 4035 288 4082 Vall.
315 4035 350 4092 ΙΙ,
369 4035 408 4092 17,
427 4037 455 4093 3;
474 4035 541 4081 Plnt.
560 4034 630 4082 Sulla
648 4037 662 4080 6
680 4048 759 4094 parva
776 4034 948 4094 discrepantia
964 4028 1134 4091 πεντήκοντα
1153 4023 1200 4090 ἔτη

137 4110 267 4176 γεγονώς
294 4119 348 4166 rar.
374 4120 440 4166 Max.
458 4120 501 4178 rx,
520 4121 543 4176 e,
563 4122 593 4176 a;
621 4119 685 4183 App.
705 4120 734 4165 Β,
753 4119 779 4166 c.
798 4120 818 4175 1,
838 4121 893 4166 105.
913 4143 944 4152 -
965 4110 983 4174 2)
1002 4119 1052 4166 on.
1070 4119 1200 4165 nrumann

137 4205 228 4251 Gesch.
246 4205 325 4252 Rome
343 4205 376 4261 11,
394 4218 418 4264 p.
437 4206 485 4250 426
505 4218 561 4251 ann.
581 4205 619 4250 86.
640 4229 668 4238 -
690 4195 709 4256 ³]
728 4204 791 4251 Vell.
810 4204 844 4262 H,
863 4205 902 4261 17,
921 4206 934 4249 2
945 4218 952 4262 ;
979 4203 1045 4250 Plut.
1056 4203 1125 4250 Sulla
1136 4203 1157 4248 1.
1169 4227 1197 4237 -

138 4280 157 4343 ⁴]
176 4289 251 4335 Peter
276 4289 373 4335 Histor.
399 4289 504 4335 Roman.
529 4288 629 4347 Fragm.
647 4301 672 4348 p.
692 4289 747 4347 127,
766 4290 797 4347 2,
832 4289 877 4335 osr.
895 4288 951 4336 Liv.
969 4288 1042 4344 XXV,
1062 4288 1100 4346 12,
1120 4289 1141 4333 1.
1170 4308 1198 4319 -—

138 4364 156 4429 ⁶)
174 4373 230 4421 Liv.
248 4373 358 4432 XXXIX,
376 4374 399 4432 8,
419 4373 440 4420 1.
