2916 5062
796 471 834 528 54

280 631 418 707 suppleto
440 630 542 688 castris
564 630 653 689 motis
674 630 704 687 iu
725 630 819 689 hostis
841 633 950 688 terram
971 631 1177 706 proficiscitur.
1206 631 1348 706 Longum

280 730 409 805 spatium
429 729 592 805 permultas
613 748 659 786 res
681 732 710 786 et
731 747 823 803 paene
844 732 939 787 totam
958 732 1100 787 aestatem
1119 730 1186 787 anni
1203 726 1267 788 107ἰ
1286 749 1348 786 am·

279 827 410 902 plectens
433 847 449 884 a
471 826 610 884 Sallustio
633 825 678 884 his
699 826 803 901 paucis
825 824 921 884 verbis
944 825 1109 885 absolvitur
1131 827 1152 900 1)
1178 827 1223 898 ,in
1239 844 1348 900 agrum

283 925 426 995 ,fertilem
456 969 462 981 .
486 969 492 981 .
515 969 521 981 ,
544 970 551 981 .
579 923 806 999 proficiscitur.
830 969 836 981 .
860 969 866 981 .
890 968 896 981 .
920 925 1040 982 castella
1062 929 1091 983 et
1113 924 1223 1000 oppida
1246 969 1252 982 .
1276 969 1283 981 .
1308 968 1315 980 .
1341 967 1347 980 .

284 1022 482 1097 ,aggreditur,
504 1022 616 1096 proelia
637 1022 731 1079 multa
754 1066 760 1078 .
784 1066 790 1078 .
815 1066 820 1079 .
845 1067 850 1079 .
873 1022 998 1080 laeere”.
1031 1021 1121 1079 Nulla
1138 1041 1184 1080 res
1197 1020 1348 1097 copiosius

280 1121 452 1195 explicatur,
474 1138 569 1195 neque
590 1120 724 1178 locorum
746 1118 904 1195 quisquam
926 1139 1020 1194 neque
1039 1119 1159 1177 urbium
1178 1139 1349 1196 quaequam

279 1219 457 1278 nominatur.

281 1315 312 1374 2.
355 1317 385 1375 C.
409 1317 456 1387 88,
479 1317 586 1374 2-91.

320 1414 479 1474 Sallustius
510 1416 623 1472 multus
655 1414 685 1471 in
716 1414 810 1472 Mario
842 1413 928 1472 laude
960 1415 1091 1473 ornando
1123 1414 1222 1473 omnia
1242 1414 1348 1489 paucis

279 1517 397 1572 tantum
418 1513 584 1588 explicavit,
605 1513 754 1571 mentione
776 1512 983 1571 tantummodo
1004 1513 1083 1571 lacta
1103 1531 1221 1588 pugnae
1233 1512 1267 1584 2),
1287 1532 1349 1588 qua

279 1612 391 1670 Marius
413 1611 591 1685 Iugurtham
612 1610 684 1669 vicit
705 1610 801 1681 ,haud
819 1612 924 1686 procul
937 1610 972 1668 ab
985 1611 1095 1686 oppido
1107 1611 1216 1669 Cirta”.
1239 1611 1348 1686 Itaque

280 1709 391 1767 Marius
412 1713 478 1767 tum
496 1709 525 1766 in
537 1712 667 1767 extrema
678 1708 819 1766 Numidia
831 1708 973 1767 Orientali
984 1712 1126 1780 moratus
1139 1708 1227 1768 urbes
1239 1708 1348 1784 lugur-

279 1808 357 1877 thae,
376 1823 450 1881 quae
463 1806 730 1882 opportunissimae
743 1807 769 1864 ei
781 1806 860 1867 visae
873 1810 951 1878 sunt,
964 1807 1094 1882 singulas
1107 1807 1300 1866 circumvenit
1312 1807 1347 1881 3),

281 1904 333 1963 sed
355 1904 389 1962 de
411 1905 492 1961 nulla
513 1904 609 1962 fusius
631 1903 744 1962 dictum
766 1908 820 1963 est.
862 1904 966 1980 Longa
986 1907 1085 1964 tamen
1103 1909 1133 1964 et
1151 1906 1270 1980 copiosa
1280 1924 1347 1962 nar·

280 2003 356 2062 ratio
388 2003 423 2061 de
455 2006 628 2078 oppugnata
659 2002 753 2077 Capsa
782 2002 925 2077 sequitur,
948 2019 1023 2077 quae
1045 2007 1090 2062 est
1110 2003 1181 2062 urbs
1202 2005 1348 2078 procula

282 2100 356 2158 mari
389 2101 447 2158 sita
466 2101 500 2174 4).
543 2099 665 2175 Kiepert
696 2120 724 2157 v.
748 2100 782 2158 cl.
809 2120 873 2158 eam
895 2103 1041 2160 extremae
1063 2101 1247 2160 meridionali
1267 2101 1348 2175 parti

281 2198 438 2257 Numidiae
471 2197 627 2256 Orientalis
660 2197 798 2256 attribuit
828 2198 862 2273 ⁵),
894 2199 981 2274 longe
1010 2199 1138 2257 aThale
1160 2203 1190 2257 et
1211 2198 1293 2256 Sicca
1315 2198 1347 2255 in

280 2297 432 2356 meridiem
464 2298 655 2370 spectantem,
687 2315 746 2355 non
773 2298 878 2371 procul
900 2317 916 2354 a
937 2297 1018 2373 Syrti
1038 2297 1159 2356 Minore.
1202 2297 1237 2354 ld
1259 2316 1292 2354 ea
1314 2314 1346 2355 re

280 2396 443 2453 affirmatur
463 2393 543 2468 quod
564 2393 675 2452 Marius
694 2394 803 2469 oppido
819 2395 944 2453 Laribus
957 2395 1044 2466 (inter
1056 2395 1170 2454 Siccam
1181 2399 1210 2453 et
1221 2394 1346 2451 Thalam

281 2493 350 2565 sito)
371 2490 423 2550 ubi
445 2491 624 2566 stipendium
646 2495 676 2550 et
698 2497 895 2551 commeatum
909 2494 1057 2551 locaverat
1069 2493 1101 2567 6),
1117 2492 1263 2568 praesidio
1275 2491 1347 2550 belli

280 2609 352 2649 usus
379 2593 432 2648 est.
475 2589 504 2648 Is
525 2592 561 2647 ut
581 2589 700 2648 videtur
721 2611 737 2648 a
759 2590 839 2648 Cirta
859 2591 1020 2665 profectus,
1042 2594 1111 2666 post
1128 2593 1244 2649 sextum
1266 2589 1345 2647 diem

281 2689 318 2747 ad
338 2688 447 2746 flumen
469 2687 581 2745 Tanain
601 2688 707 2763 pergit,
731 2707 789 2764 qua
800 2688 937 2747 traducta
949 2688 971 2764 ῖ)
990 2688 1085 2746 tribus
1103 2688 1344 2763 diebusOapsam

280 2786 422 2862 pervenit.
465 2785 651 2859 Quamquam
668 2785 739 2844 urbs
759 2805 789 2844 se
807 2787 898 2844 tradit
920 2790 1022 2846 contra
1044 2786 1089 2845 ius
1101 2786 1171 2844 belli
1183 2786 1298 2844 deletur
1310 2784 1344 2859 8),

280 2993 492 3000 .———.——

277 3135 383 3194 petiisse
400 3135 503 3180 videtur
520 3136 549 3180 ut
566 3135 646 3180 Roma
663 3134 713 3180 sibi
732 3136 882 3182 concederet
899 3137 1044 3182 Numidiam
1062 3137 1250 3184 occidentalem
1261 3137 1345 3183 othae

279 3219 428 3265 condicione
454 3221 554 3264 tantum
581 3219 710 3264 consulem
737 3220 837 3266 monuit
864 3234 910 3275 ,ne
928 3221 990 3279 quid
1008 3223 1038 3268 ab
1057 3235 1085 3267 se
1103 3221 1197 3267 hostile
1216 3221 1344 3268 time1·et'’.

277 3303 360 3350 Huius
388 3304 425 3350 rei
451 3305 627 3362 argumentum
655 3317 732 3362 supra
759 3301 792 3364 (p.
812 3301 852 3358 35)
871 3305 1015 3352 invenimus
1034 3306 1059 3352 in
1077 3307 1163 3352 verbis
1181 3306 1288 3362 Dionis;
1308 3306 1344 3352 ibi

278 3389 354 3435 etiam
381 3388 503 3448 suspicati
522 3401 619 3445 sumus,
637 3389 767 3435 Bocchum
785 3390 891 3435 eandem
909 3403 963 3435 rem
981 3391 1032 3436 iam
1050 3393 1124 3437 autea
1142 3405 1155 3436 a
1174 3391 1279 3436 Metello
1297 3405 1344 3450 po-

278 3473 422 3520 stulavisse.
441 3474 497 3520 Illis
516 3474 675 3532 temporibus
692 3470 761 3528 (inde
780 3475 811 3520 ab
830 3489 894 3521 anno
915 3467 975 3520 109⁰
992 3489 1072 3535 usque
1091 3477 1122 3521 ad
1141 3490 1233 3522 aunum
1249 3474 1342 3531 107um)

278 3559 397 3604 Numidia
428 3558 599 3605 Occidentalis
626 3559 738 3618 exceptis
763 3559 875 3606 castellis
894 3563 919 3606 ct
936 3561 1064 3606 thesauris
1081 3561 1177 3607 Bocchi
1195 3564 1256 3619 erat,
1275 3563 1344 3621 quod

278 3642 414 3689 Sallustius
442 3656 528 3688 errore
554 3643 663 3701 quodam
691 3644 795 3700 omisit;
814 3645 859 3690 sed
877 3645 918 3690 his
936 3645 1022 3691 verbis
1040 3646 1095 3705 ipse
1113 3649 1197 3692 tamen
1216 3660 1270 3692 eam
1289 3661 1343 3692 rem

278 3728 464 3787 quodammodo
483 3728 617 3786 signifieat,
637 3742 693 3773 cum
711 3729 789 3775 dicit:
810 3729 868 3785 „alii
886 3727 1033 3789 (Iugurthae
1050 3728 1133 3786 amici]
1144 3732 1344 3790 adregemBoc·

280 3813 371 3871 ,chum
388 3812 571 3871 profugerant’'
589 3809 639 3870 (74,
659 3810 690 3868 1).
709 3814 735 3860 Si
753 3814 802 3860 hoe
820 3816 943 3872 tenemus,
961 3817 1114 3862 Nabdalsam
1133 3817 1176 3876 qui
1197 3830 1262 3862 anno
1283 3810 1345 3863 109ο

278 3897 417 3955 Iugurthae
443 3898 519 3943 etiam
546 3898 632 3943 socius
658 3902 712 3944 erat
735 3901 842 3945 eundem
861 3914 917 3946 esse
935 3903 1010 3960 atque
1027 3901 1183 3960 Magdalsem
1200 3901 1280 3958 illum,
1300 3900 1344 3960 qui

279 3981 346 4040 apud
363 3981 505 4039 Appianum
524 3982 620 4028 amicus
637 3983 733 4029 Bocchi
751 3980 782 4038 (a.
801 3976 870 4039 105⁰]
889 3986 972 4031 dictus
991 3988 1031 4032 est
1039 3983 1148 4040 (Numid.
1158 3985 1188 4032 fr.
1199 3988 1222 4044 5,
1233 3999 1310 4045 supra
1318 4000 1343 4045 p.

278 4066 311 4111 45
321 4079 344 4112 a.
355 4061 386 4122 1),
396 4065 419 4112 is
437 4079 502 4112 unus
521 4078 551 4112 ex
569 4067 607 4113 eie
624 4067 758 4114 Numidiae
775 4069 867 4116 incolis
885 4069 965 4116 fuisse
982 4070 1083 4118 videtur
1101 4070 1342 4130 qniaIugurthaad

278 4149 408 4196 Bocchum
435 4151 602 4198 desciverant.
629 4174 661 4182 —
688 4144 706 4208 1)
725 4154 763 4210 8‘l,
783 4155 805 4201 1.
825 4181 854 4189 -
876 4145 894 4209 ²]
914 4156 952 4210 88,
971 4156 994 4200 3.
1014 4179 1044 4188 -
1065 4146 1083 4208 8)
1103 4156 1142 4211 88,
1162 4156 1191 4212 13
1211 4157 1250 4212 88,
1270 4157 1291 4201 1.
1312 4181 1341 4189 -

280 4226 299 4289 ‘l
319 4237 358 4292 88,
377 4235 399 4281 7.
419 4259 449 4268 —
470 4227 488 4288 ⁵)
506 4235 619 4297 Kiepert,
636 4238 687 4285 Atl.
705 4239 764 4286 Ant.
781 4239 832 4286 tab.
850 4239 880 4297 X,
899 4239 943 4287 Fk.
964 4265 992 4274 -
1016 4230 1034 4296 ⁶)
1054 4240 1093 4297 90,
1112 4241 1134 4287 2.
1155 4265 1185 4273 -
1207 4230 1224 4294 τ)
1235 4241 1274 4297 91,
1286 4241 1307 4298 1,
1318 4241 1341 4288 3.

280 4343 311 4353 -
332 4311 349 4374 9
369 4321 409 4377 91,
428 4321 450 4370 v.
