2916 5062
791 464 833 524 ’84

281 643 337 698 per
356 623 387 680 in
408 622 549 681 Numidia
570 621 712 681 Orientali
736 626 867 683 vexanda
883 645 913 683 se
926 626 1113 696 continuerit,
1127 645 1179 684 cur
1190 642 1356 700 numquam

284 721 315 777 in
334 720 507 778 Numidiam
528 720 745 779 Occidentalem
768 721 904 781 invadere
927 726 979 781 aut
1000 723 1074 781 hanc
1096 726 1206 782 terram
1230 724 1355 782 divitem

284 821 314 876 et
345 818 473 876 fertilem
502 819 524 891 1)
557 819 721 893 Iugurthae
743 819 871 878 adimere
894 823 1017 880 conatus
1040 821 1087 892 sit,
1109 822 1151 880 ita
1172 821 1356 896 responden-

284 916 355 974 dum
387 936 450 974 esse
482 935 560 974 nunc
592 920 730 992 apparet:
763 917 917 976 Metellum
938 919 1004 976 ideo
1025 918 1100 977 hanc
1121 920 1273 994 regionem
1294 939 1357 978 non

284 1033 347 1072 esse
378 1014 554 1088 ingressum,
587 1015 668 1089 quod
696 1017 745 1073 illa
767 1016 824 1074 iam
847 1035 905 1074 non
926 1016 1091 1092 Iugurthae
1113 1021 1199 1086 esset,
1222 1017 1283 1088 sed,
1308 1037 1356 1076 ex·

283 1111 377 1187 ceptis
398 1112 501 1187 paucis
524 1113 651 1171 castellis
674 1116 703 1172 et
724 1113 870 1172 thesauris
893 1133 909 1172 a
930 1113 1094 1189 Iugurthae
1112 1115 1257 1173 militibus
1280 1115 1355 1174 satis

283 1209 409 1268 defensis
432 1213 461 1268 et
483 1210 649 1282 custoditis,
671 1211 730 1269 iam
752 1233 769 1269 a
789 1211 908 1271 Boccho
929 1212 1139 1288 possideretur.

322 1307 393 1365 Ideo
425 1308 518 1382 igitur
539 1308 676 1367 Metellus
698 1309 734 1366 ab
756 1309 806 1366 illa
827 1309 947 1384 regione
968 1310 1100 1368 vexanda
1122 1330 1238 1386 semper
1260 1311 1355 1370 absti-

284 1405 358 1472 nuit,
380 1426 416 1464 ne
438 1406 589 1465 Bocchum
612 1407 764 1465 inimicum
786 1407 842 1465 sibi
862 1408 980 1467 faceret.
1014 1408 1050 1466 Id
1071 1428 1129 1468 non
1149 1409 1355 1468 eodemmodo

282 1507 387 1580 postea
418 1525 435 1562 a
466 1504 560 1563 Mario
594 1506 713 1564 consule
746 1505 937 1565 observatum
969 1509 1014 1564 est
1036 1506 1153 1565 atinde
1175 1510 1247 1566 tunc
1269 1510 1355 1566 ortae

284 1605 354 1660 sunt
385 1602 451 1660 illae
483 1603 630 1676 querellae
663 1603 774 1662 Bocchi
808 1604 844 1661 ad
876 1605 990 1678 legatos
1023 1603 1135 1663 Sullam
1157 1607 1187 1663 et
1207 1604 1355 1663 Manlium

283 1700 389 1758 factae.
431 1700 530 1758 Huius
552 1701 673 1759 lacunae
695 1701 788 1776 igitur
809 1722 826 1759 a
847 1701 988 1761 Sallustio
1010 1702 1039 1759 in
1053 1703 1219 1762 narratione
1232 1702 1355 1762 relictae

283 1797 427 1855 rationem
460 1797 646 1869 habentibus,
678 1799 773 1856 multa
805 1799 893 1857 etiam
925 1819 959 1857 ex
991 1800 1042 1870 eis,
1075 1819 1151 1876 quae
1182 1819 1251 1860 mox
1273 1800 1356 1876 apud

284 1893 458 1954 Sallustium
480 1899 654 1971 sequuntur,
677 1897 762 1954 aliter
783 1917 800 1954 a
820 1897 905 1956 nobis
927 1897 1098 1973 accipienda
1119 1901 1189 1956 sunt
1211 1917 1302 1974 quam
1320 1918 1355 1957 ea

283 1993 443 2068 proposuit
464 1993 632 2052 Sallustius,
665 1994 798 2052 Primum
820 2013 898 2053 nunc
920 1995 1085 2070 perspicere
1100 1995 1266 2070 poterimus
1280 2015 1355 2071 quo-

283 2090 372 2150 modo
394 2090 519 2150 societas
540 2092 617 2149 inter
638 2090 790 2149 Bocchum
813 2094 843 2150 et
863 2092 1042 2167 Iugurtham
1063 2096 1175 2151 aestate
1197 2093 1265 2150 anni
1287 2094 1355 2152 108ί

278 2190 363 2248 'facta
385 2189 439 2259 sit;
461 2189 533 2247 haec
554 2209 588 2247 ea
610 2189 776 2248 conditione
797 2190 876 2248 facta
897 2193 950 2261 est,
970 2194 1004 2248 ut
1017 2191 1164 2266 Iugurtha
1179 2191 1360 2250 necessitate

284 2290 404 2346 coactus
426 2307 443 2344 a
468 2290 552 2345 tanta
572 2289 656 2362 parte
678 2288 760 2362 regni
783 2287 939 2346 desisteret
960 2291 990 2346 et
1011 2307 1076 2346 cam
1098 2308 1128 2347 sa
1148 2289 1267 2348 Boccho
1287 2308 1356 2348 con·

284 2385 385 2444 cedere
414 2385 580 2444 affirmaret.
623 2386 667 2444 De
695 2386 750 2444 hac
775 2406 806 2444 re
828 2386 917 2445 etiam
939 2405 1056 2444 omnem
1077 2387 1257 2446 mentionem
1278 2387 1355 2446 desi-

284 2483 421 2542 deramus
442 2483 522 2558 apud
544 2483 719 2543 Sallustium
741 2485 774 2558 2).
806 2484 963 2544 Praeterea
985 2485 1128 2560 suspicari
1149 2504 1228 2544 nune
1248 2505 1355 2560 possu-

284 2600 350 2640 mus
382 2581 544 2652 Metellum,
582 2600 650 2640 cum
682 2600 757 2640 anno
792 2582 862 2640 108⁰
894 2586 1018 2648 exeunte
1050 2602 1171 2659 operam
1203 2581 1286 2640 daret
1322 2586 1359 2641 nt

284 2678 436 2738 Bocchum
469 2699 485 2736 a
517 2680 657 2738 societate
689 2679 853 2754 Iugurthae
886 2685 1039 2739 revocaret
1070 2680 1155 2756 eique
1193 2679 1357 2738 amicitiam

284 2776 484 2836 Romanorum
508 2780 679 2848 ostentaret,
701 2777 731 2834 id
752 2777 806 2836 hac
828 2777 942 2836 ratione
963 2777 1356 2853 secisse,uteip1·oponeret

285 2895 368 2951 spem
395 2875 564 2935 retinendae
589 2875 669 2933 illius
697 2875 826 2950 region1s
855 2875 880 2933 si
901 2895 918 2932 a
939 2874 1086 2950 Iugurtha
1107 2875 1244 2934 deficeret
1267 2874 1302 2947 3),
1326 2878 1357 2934 et

285 2973 437 3032 Bocchum
468 2973 524 3032 hoo
555 2973 753 3049 postulavisse
785 2976 937 3049 tamquam
959 2973 1089 3048 pretium
1110 2973 1296 3048 proditionis
1319 2977 1356 3032 ut

285 3070 411 3130 Romani
432 3071 488 3129 sibi
508 3071 715 3146 permitterent
736 3071 952 3147 possessionem
974 3070 1131 3128 Numidiae
1146 3070 1354 3130 Occidentalis.

325 3169 368 3228 Ro
389 3189 459 3228 vera
479 3169 509 3226 id
529 3169 615 3245 plane
638 3170 828 3228 confirmatur
848 3169 936 3227 rebus
958 3173 1062 3244 postea
1082 3169 1177 3227 factis.
1206 3168 1355 3228 Novimus

286 3268 363 3327 enim
394 3267 546 3326 Bocchum
577 3271 689 3342 postea,
722 3286 797 3325 anno
832 3266 911 3337 107⁰,
945 3287 962 3324 a
993 3266 1086 3326 Mario
1116 3266 1235 3325 consule
1263 3267 1355 3325 etiam

285 3365 435 3442 petivisse,
466 3368 502 3423 ut
532 3365 658 3424 Romani
690 3365 849 3422 amicitiam
878 3383 979 3423 secum
999 3365 1129 3423 facerent
1150 3367 1181 3423 et
1202 3363 1257 3423 sibi
1279 3367 1355 3422 tarn-

286 3485 375 3542 quam
414 3462 579 3539 praemium
617 3462 816 3538 relinquerent
846 3462 922 3520 hano
953 3462 1113 3536 regionem.
1165 3460 1201 3518 Id
1233 3461 1354 3537 quidem

286 3567 358 3622 tunc
379 3579 498 3638 qnoque
519 3579 578 3618 non
599 3580 616 3617 a
637 3560 777 3618 Sallustio
800 3559 950 3630 discimus,
973 3560 997 3617 is
1017 3564 1081 3617 tum
1100 3577 1218 3635 quoque
1236 3559 1267 3616 id
1285 3560 1354 3618 reti·

288 3664 335 3719 cet
354 3661 378 3734 4)
401 3663 431 3718 et
452 3659 547 3718 solum
570 3657 662 3716 tradit
682 3656 834 3716 Bocchum
857 3658 986 3716 voluisse
1008 3657 1167 3716 amicItiam
1179 3657 1354 3728 Romanam,

287 3759 369 3816 nulla
405 3757 571 3816 conditione
604 3756 732 3826 adiecta;
764 3755 815 3814 sed
848 3755 919 3831 quid
954 3775 1056 3814 verum
1089 3756 1127 3814 sit
1160 3755 1355 3830 cognovimus

287 3945 491 3955 ———-—·

324 4068 342 4133 ¹]
361 4078 400 4133 16,
418 4077 441 4132 5,
460 4087 536 4132 supra
552 4087 577 4133 p.
596 4074 635 4120 28.
661 4097 690 4106 -
720 4064 737 4128 ⁹)
762 4073 821 4121 Sall.
841 4075 880 4132 80,
907 4075 938 4131 3;
966 4073 1001 4120 ibi
1018 4072 1156 4120 Sallustius
1182 4074 1266 4118 tamen
1291 4073 1354 4122 dieis

287 4161 437 4220 Iugurtham
473 4159 586 4217 „magnis
613 4158 760 4204 muneribus
787 4161 812 4204 ot
837 4158 977 4204 maioribus
1004 4157 1138 4217 promissis
1165 4156 1295 4204 Bocchum
1322 4159 1354 4204 ad

289 4247 417 4302 „studium
435 4244 475 4290 sni
493 4241 674 4302 perduxisse’';
693 4245 719 4288 et
738 4244 777 4300 81,
797 4245 809 4286 l
829 4245 854 4288 ct
873 4245 895 4289 2.
916 4264 946 4276 -·
967 4234 985 4296 ³)
1003 4242 1138 4289 Sallustius
1157 4242 1188 4288 de
1209 4255 1239 4287 ea
1251 4245 1356 4289 rotaret

290 4332 329 4388 aa,
349 4332 420 4378 1-a.
440 4354 470 4363 -
490 4321 509 4382 ⁴)
530 4329 586 4385 102,
605 4331 627 4374 a
