2916 5062
793 472 851 532 108

203 661 205 665 “
289 638 342 707 951,
366 637 481 694 constat
503 635 583 710 apud
604 633 762 710 scriptores
784 634 933 693 Romanos
955 634 1114 710 Taygenos
1136 654 1193 694 non
1220 654 1283 693 esse
1302 653 1360 692 suo

290 733 408 792 nomine
441 733 593 808 apellatos.
644 732 742 791 Locus
776 735 876 790 autem
907 732 1046 791 laudatus
1082 733 1234 792 Strabonis
1270 732 1361 791 docet

291 851 341 889 eos
362 830 454 888 fuisse
475 832 594 904 gentem
614 829 807 888 Helveticam.
850 829 998 888 Videntur
1019 835 1120 889 autern
1142 830 1275 906 Toygeni
1296 830 1359 905 ple·

291 948 417 1004 rumque
448 947 507 987 non
540 947 608 986 curn
628 928 778 1002 Tigurinis
800 927 851 986 sed
873 947 941 986 curn
962 928 1165 988 Ambronibus
1187 949 1269 986 arma
1291 947 1360 986 con·

293 1026 458 1086 sociavisse.
512 1025 618 1084 Strabo
655 1027 719 1084 loco
754 1031 821 1084 ante
857 1025 977 1085 laudato
1001 1027 1023 1099 1)
1056 1026 1129 1084 dicit
1159 1026 1361 1084 Massilienses

294 1145 310 1182 9
345 1123 439 1182 Mario
470 1123 635 1198 praemium
657 1123 804 1198 accepisse
825 1127 948 1198 propter
969 1142 1098 1198 operam,
1121 1144 1210 1199 quam
1231 1123 1361 1199 praesti-

292 1222 400 1280 tissent
420 1221 450 1278 in
472 1220 549 1279 bello
571 1224 674 1279 contra
694 1221 860 1279 Ambrones
882 1224 911 1279 et
934 1221 1090 1296 Toygenos
1112 1221 1250 1296 gerendo.
1293 1220 1362 1278 Iam

292 1320 349 1378 hcc
380 1320 445 1377 loco
467 1337 572 1377 moneo
595 1319 651 1377 hcc
672 1318 785 1377 dictum
807 1337 865 1377 non
886 1319 1072 1378 referendum
1093 1338 1157 1378 esse
1179 1317 1362 1377 mihivideri

292 1417 328 1474 ad
350 1436 468 1484 annum,
482 1417 582 1487 102¹¹¹¹¹‚
596 1416 646 1474 sed
658 1416 694 1474 ad
706 1436 752 1475 res
764 1419 858 1488 antea,
871 1420 938 1475 ante
950 1416 1109 1476 adventum
1122 1416 1206 1474 Marii
1218 1418 1364 1491 quartum

292 1514 420 1574 consulis
453 1517 484 1572 91
512 1518 608 1573 995119
639 1513 676 1572 ad
705 1514 908 1572 Confluentem
930 1518 1112 1590 oppugnata,
1135 1517 1242 1589 gestas.
1285 1512 1363 1571 Veri

294 1613 388 1672 simile
408 1612 575 1671 Arnbrones
597 1631 665 1683 curn
676 1610 824 1687 Taygenis
836 1613 1008 1671 coniunctos
1020 1615 1106 1671 antea
1116 1612 1147 1670 in
1158 1631 1245 1687 agros
1256 1612 1363 1671 Massi-

293 1711 430 1771 liensium
450 1710 572 1787 proprio
593 1711 697 1781 Marte,
719 1710 782 1769 sine
804 1709 929 1769 Cimbris
952 1714 980 1769 et
1003 1711 1154 1781 Teutonis,
1176 1710 1363 1769 incursiones

292 1809 405 1878 fecisse,
428 1827 462 1867 eo
484 1811 618 1883 tempore
640 1824 699 1881 quo
722 1808 867 1867 exercitus
889 1808 1040 1867 Romanus
1061 1809 1161 1866 nullus
1170 1806 1294 1878 adesset,
1308 1808 1365 1882 qui

294 1905 490 1965 Massilienses
523 1905 700 1976 defenderet,
733 1906 771 1981 (e.
793 1924 837 1980 gr.
866 1905 922 1965 hoc
943 1906 1056 1964 factum
1077 1925 1140 1964 csse
1161 1908 1262 1981 potest
1283 1924 1364 1964 anno

297 2003 367 2063 1050
388 2007 512 2062 exeunte
534 2007 603 2078 post
625 2003 736 2061 cladem
759 2003 897 2062 91191119
919 2005 1039 2063 consule
1061 2004 1233 2079 acceptam),
1253 2006 1364 2063 ettum

293 2102 490 2160 Massilienses
512 2101 629 2160 fortiter
650 2101 691 2160 eis
712 2101 865 2160 restitisse.
888 2100 946 2160 Sed
967 2121 1043 2160 anno
1067 2101 1138 2161 1020
1159 2102 1230 2175 quin
1250 2102 1364 2160 iterum

294 2219 361 2258 cum
393 2198 594 2257 Ambronibus
627 2199 776 2257 coniuncti
807 2199 918 2257 suerint
949 2199 1090 2275 Toygeni,
1119 2199 1191 2257 nihil
1213 2202 1259 2257 est
1280 2199 1365 2273 quod

294 2297 473 2355 dubitemus

334 2395 392 2453 Sed
412 2394 471 2452 19111
491 2413 614 2470 pergere
636 2393 777 2452 debemus
800 2393 837 2452 ad
849 2393 1069 2452 describendam
1084 2395 1258 2454 divisionem
1269 2395 1364 2466 illam,

294 2512 383 2568 quam
404 2492 523 2550 ineunte
546 2510 621 2550 anno
645 2491 716 2550 1020
736 2493 870 2551 fecerunt
890 2492 1000 2550 hostes.
1032 2492 1068 2549 In
1086 2513 1120 2552 ea
1138 2512 1169 2551 re
1182 2493 1365 2568 exploranda

295 2592 373 2649 certe
401 2589 438 2647 ad
460 2590 635 2648 sententiam
657 2590 772 2647 firmam
793 2593 823 2647 et
843 2590 1000 2665 probatam
1021 2591 1070 2648 vir
1090 2591 1263 2666 perventuri
1284 2611 1365 2650 esse-

294 2707 371 2758 111115,
403 2688 429 2745 51
460 2688 530 2745 59115
561 2687 737 2745 haberemus
771 2687 956 2762 singulorum
978 2691 1135 2748 auctorum
1157 2688 1310 2764 opiniones
1333 2691 1365 2747 in

296 2788 456 2860 conspectu
476 2803 601 2860 ponere3
622 2784 677 2842 hae
699 2785 776 2842 enim
797 2785 884 2843 nimis
905 2785 982 2843 inter
1004 2805 1033 2843 se
1056 2785 1232 2861 discrepant.
1264 2787 1363 2847 Immo

295 2881 476 2940 aestimanda
498 2885 567 2940 sunt
588 2882 773 2952 testimonia3
807 2882 1007 2957 quaerendum
1029 2887 1074 2941 est
1095 2903 1167 2941 num
1188 2903 1264 2959 quae
1285 2885 1365 2944 inter

294 3001 327 3039 ea
349 2981 416 3056 sint,
439 2999 514 3055 quae
535 2979 650 3037 firmam
670 2982 699 3037 et
719 2980 822 3038 ceteris
841 2981 982 3039 maiorem
1001 2982 1208 3040 auctoritatem
1219 2982 1364 3054 habeant3

295 3077 331 3135 ab
364 3077 408 3135 his
437 3077 563 3152 profecti
594 3076 732 3152 deinceps
754 3077 883 3136 iudicare
905 3079 1069 3153 poterimus
1091 3079 1163 3155 quid
1185 3079 1220 3138 de
1240 3081 1365 3155 reliquis

295 3175 472 3234 testimoniis
504 3175 542 3233 sit
575 3174 776 3246 iudicandum,
810 3178 840 3233 et
872 3175 988 3234 ostendi
1012 3178 1123 3253 poterit
1144 3181 1292 3253 quatenus
1314 3179 1365 3236 alii

295 3273 456 3332 erraverint
489 3293 523 3330 ex
545 3272 739 3348 scriptoribus
761 3273 812 3349 qui
835 3273 1010 3349 discrepent,
1033 3275 1082 3332 alii
1103 3295 1207 3334 verum
1229 3295 1364 3336 servave-

294 3372 362 3442 rint,
395 3370 458 3428 eliis
490 3371 615 3429 fortasse
649 3374 734 3429 textu
756 3371 910 3430 emendato
932 3371 1014 3430 reddi
1035 3373 1131 3448 possit
1151 3393 1221 3432 vera
1241 3373 1364 3434 traditio

296 3468 451 3526 alibrario
480 3469 521 3526 eis
543 3468 684 3526 detracta.
726 3468 881 3527 Eiusmodi
901 3470 1071 3529 testimonia
1092 3471 1222 3530 firmiora
1243 3474 1274 3530 et
1294 3472 1364 3530 insi·

296 3567 400 3641 gniora
422 3565 481 3624 duo
503 3564 663 3636 habemus;
686 3585 720 3623 ea
740 3566 837 3641 primo
859 3567 925 3625 loco
946 3586 1100 3643 ponemus

335 3664 468 3721 Primum
489 3663 561 3720 nihil
579 3683 647 3721 sane
666 3665 775 3722 certius
794 3683 856 3722 esse
872 3668 972 3740 potest
990 3686 1079 3741 quam
1098 3667 1205 3726 titulus
1218 3668 1363 3745 triumphi

296 3782 371 3821 911119
406 3761 476 3820 1010
509 3782 525 3818 9
556 3761 649 3820 Mario
683 3762 802 3820 consule
835 3766 864 3820 et
896 3762 1002 3823 Catulo
1023 3747 1200 3839 proconsule
1222 3767 1290 3824 acti.
1333 3766 1363 3826 Is

296 3864 396 3918 autem
425 3858 511 3917 docet
532 3859 660 3916 Marium
681 3864 746 3917 tum
768 3859 967 3935 ,triumphasse
989 3862 1024 3920 de
1046 3862 1257 3935 Ambronibus,
1289 3865 1364 3924 Teu·

295 3958 373 4016 tonis
396 3956 590 4031 Cimbrisque,
614 3957 752 4016 Catulum
773 3977 843 4017 vero
866 3958 900 4016 de
921 3959 1046 4018 Oirnbris
1062 3961 1095 4034 0).
1127 3961 1261 4020 Primum
1272 3962 1366 4038 igitur

296 4060 419 4132 apparet
448 4056 525 4113 inter
556 4056 666 4127 1195195,
696 4057 747 4131 qui
770 4057 921 4133 profligati
942 4058 1051 4118 sintin
1075 4079 1109 4119 eo
1130 4061 1254 4136 proelio,
1278 4062 1363 4120 cuius

334 4312 352 4376 ¹}
370 4321 450 4395 Supra
466 4335 491 4394 p.
512 4321 567 4379 104,
586 4324 670 4379 annot.
691 4324 711 4378 1.
732 4347 762 4356 -
783 4314 801 4377 ⁹]
819 4324 905 4381 Baiter
922 4324 1365 4397 0951199119.9119919919011111.
