2916 5062
609 496 669 558 '115

107 659 173 718 telis
195 659 397 718 Romanorum
419 658 519 718 obruti
541 659 652 735 aliquid
674 658 844 716 detrimenti
865 659 1022 734 accipiunt.
1064 660 1170 735 Itaque

108 745 233 815 Marium
255 757 415 832 praeterire
438 757 568 814 animum
591 756 750 828 inducunt;
772 758 861 832 longo
885 757 1000 832 agmine
1023 777 1089 814 curn
1108 777 1170 815 ruu-

108 855 227 914 lieribus
250 859 280 913 et
300 854 400 913 liberis
421 859 539 930 praeter
560 858 656 913 castra
676 855 850 930 procedunt,
867 855 1041 913 sexdierum
1053 858 1170 929 tempus

109 952 139 1010 in
160 956 256 1012 castra
277 953 491 1028 praetereunda
511 953 673 1011 insumunt.
703 953 789 1023 Quod
800 952 940 1011 barbaros
950 956 1171 1030 praetereuntes

109 1071 127 1108 a
146 1051 290 1109 militibus
312 1051 452 1109 Romanis
473 1050 593 1109 ludibrii
615 1070 704 1109 causa
728 1051 878 1126 rogavisse
890 1051 982 1110 tradit
993 1051 1170 1109 Plutarchus

114 1155 158 1226 „cl
181 1172 211 1208 τι
226 1149 301 1229 πρὸς
325 1149 380 1218 τὰς
404 1154 560 1225 γυναῖκας
583 1144 839 1228 ἀποστέλλοιεν”,
872 1157 902 1214 id
933 1156 1042 1215 eisdem
1074 1155 1170 1214 verbis

109 1255 218 1330 legitur
231 1255 320 1330 apud
339 1255 480 1313 Florum:
514 1274 675 1326 „recessere
697 1254 790 1329 igitur
811 1255 994 1329 increpantes
1016 1257 1046 1312 et
1068 1273 1171 1312 consu-

113 1353 220 1424 ,lantes
243 1353 267 1411 si
288 1352 361 1429 quid
382 1353 546 1411 adureres
569 1372 637 1412 suas
658 1351 849 1410 pranderent’
874 1351 905 1426 1).
947 1351 1058 1409 Marius
1071 1351 1171 1410 statim

109 1454 268 1526 postquam
297 1450 509 1526 praetergressi
531 1454 602 1509 sunt
622 1453 652 1509 et
672 1450 735 1525 ipse
758 1453 853 1508 castra
874 1449 968 1508 movit
989 1449 1079 1524 (idern
1102 1448 1171 1508 Oro·

110 1548 191 1620 sius),
214 1555 244 1607 et
264 1568 317 1624 per
330 1548 395 1606 iter
416 1548 579 1606 multorum
601 1548 725 1617 dierum,
748 1546 827 1622 quod
849 1545 1010 1605 secundum
1038 1545 1173 1603 Rhodani

109 1646 202 1722 ripam
233 1647 367 1704 fecerunt
398 1644 526 1715 barbari,
559 1664 608 1704 eos
641 1645 815 1714 comitutu1·;
849 1647 954 1714 castra,
988 1663 1064 1719 quae
1085 1648 1171 1702 nocte

111 1743 228 1818 quidem
260 1744 343 1802 daret
374 1743 517 1801 militibus
540 1743 610 1813 suis,
632 1742 712 1800 haud
732 1743 819 1816 longe
842 1761 957 1817 semper
978 1742 1014 1800 ab
1035 1742 1171 1801 hostibus

110 1859 227 1916 ponens
263 1840 391 1899 Tandem
416 1860 483 1899 cum
504 1840 562 1898 iam
583 1859 675 1915 prope
697 1839 833 1898 abessent
855 1860 871 1897 a
892 1840 993 1899 littore
1014 1840 1112 1910 maris,
1135 1839 1172 1897 ad

112 1938 254 1997 coloniam
285 1937 388 2013 Aquas
420 1937 544 2009 Sextias,
572 1957 639 1996 cum
659 1937 770 1995 Marius
791 1940 827 1995 ut
848 1937 963 1996 solebat
984 1939 1083 1997 locum
1103 1956 1172 2013 pro-

22 2109 25 2115 ι
111 2036 254 2112 pinquum
286 2036 323 2094 ad
345 2039 441 2094 castra
462 2035 595 2094 facienda
616 2035 761 2110 elegisset,
783 2035 849 2110 ipsa
869 2039 975 2094 natura
996 2036 1084 2094 huius
1105 2036 1171 2106 loci,

112 2152 197 2209 quern
220 2135 357 2208 elegerat,
380 2153 499 2192 causam
521 2133 603 2192 dedit
623 2152 726 2191 manus
749 2134 929 2193 conserendi.
951 2134 981 2191 Is
1000 2133 1172 2194 locusenim

111 2234 173 2289 erat
194 2232 286 2303 callia,
309 2232 384 2291 situs
405 2232 435 2289 in
456 2231 587 2307 margine
610 2231 714 2307 campi,
736 2231 766 2288 in
788 2250 847 2308 quo
858 2232 959 2290 hostes
972 2231 1171 2302 consederant,

111 2329 140 2386 in
160 2330 257 2388 medio
279 2349 313 2388 co
332 2347 439 2406 ¹campo
461 2333 525 2388 erat
545 2349 670 2406 parvum
690 2330 801 2387 flumen
823 2329 863 2402 2);
887 2329 922 2387 ab
945 2349 979 2388 eo
1001 2330 1084 2399 colle,
1105 2348 1172 2387 curn
1234 2316 1235 2319 ¹

110 2428 239 2503 prospici
266 2430 389 2502 possent
410 2432 440 2486 et
461 2446 582 2503 campus
605 2431 634 2486 et
654 2428 772 2498 flumen,
795 2430 894 2486 tamen
916 2447 993 2503 aqua
1015 2448 1029 2486 e
1052 2427 1172 2484 flumine

110 2525 173 2600 peti
192 2544 251 2584 non
271 2529 390 2600 poterat
411 2525 466 2585 nisi
487 2546 540 2600 per
560 2525 672 2584 medios
693 2525 793 2585 hostes
815 2525 916 2584 iretur.
939 2525 1065 2608 Necesse
1081 2525 1174 2600 igitur

111 2626 182 2694 erat,
215 2624 240 2681 si
271 2624 299 2681 in
332 2643 366 2682 eo
399 2625 472 2683 colle
504 2642 659 2682 mansurus
688 2626 766 2682 esset
786 2623 907 2695 Marius,
930 2624 986 2681 iter
1007 2624 1044 2681 ad
1065 2643 1172 2699 aquam

110 2721 240 2795 primum
262 2721 297 2779 ab
321 2740 354 2780 eo
377 2721 465 2780 armis
487 2721 601 2796 aperiri.

150 2819 216 2878 Hoc
236 2819 302 2878 loco
323 2838 449 2895 magnus
471 2819 619 2878 dissensus
640 2819 716 2877 inter
738 2822 874 2878 auctores
896 2838 959 2878 esse
981 2820 1107 2891 videtur,
1121 2818 1172 2895 qui

110 2919 208 2974 tamen
240 2917 336 2993 specie
358 2918 452 2994 magis
484 2937 573 2993 quam
603 2936 634 2975 re
655 2917 769 2974 nititur.
802 2917 980 2976 Plutarchus
1003 2918 1080 2975 enim
1101 2918 1173 2975 dicit

108 3014 236 3073 Marium
268 3016 403 3075 consulto
435 3016 523 3074 talam
554 3016 652 3074 locum
684 3015 808 3089 elegisse
840 3015 921 3090 quod
948 3015 1007 3073 iam
1027 3015 1173 3091 proelium

111 3112 247 3173 inchoare
280 3113 490 3173 constituisset.
537 3111 659 3171 Orosius
685 3112 757 3169 nihil
780 3112 861 3169 aliud
881 3112 973 3170 tradit
994 3131 1083 3188 quam
1105 3133 1173 3171 eum

111 3211 210 3269 locum
241 3232 318 3288 aqua
350 3212 485 3270 caruisse.
527 3211 686 3269 Frontinus
715 3229 784 3269 vero
813 3210 964 3270 contendit
998 3214 1173 3282 ,metatores

116 3309 195 3380 ,cius
226 3329 279 3385 per
310 3308 538 3385 imprudentiam
569 3309 611 3366 ita
642 3309 746 3367 castris
777 3308 876 3368 locum
909 3309 1029 3384 cepisse,
1062 3311 1097 3366 ut
1118 3307 1172 3365 sub

114 3411 277 3482 „potestate
299 3406 491 3466 barbarorum
513 3411 590 3466 asset
611 3412 707 3482 aqua''
729 3407 763 3480 3).
806 3407 872 3465 Hoc
894 3425 961 3464 sane
984 3408 1110 3464 stultum
1129 3410 1174 3465 est

110 3524 173 3563 rem
201 3505 395 3564 metatoribus
422 3505 578 3580 imputare,
600 3504 685 3580 quasi
705 3504 736 3561 hi
758 3505 819 3562 sine
840 3504 924 3562 iussu
946 3503 1090 3578 egissent3
1111 3524 1174 3562 rem

114 3603 150 3660 ad
181 3623 309 3662 errorem
340 3603 525 3679 imperatoris
556 3602 650 3678 ipsius
678 3602 785 3660 referre
807 3602 933 3661 debebat
954 3602 1122 3673 Frontinus,
1145 3602 1175 3660 id

113 3720 181 3760 sane
213 3701 275 3760 eius
308 3705 411 3760 auctor
432 3701 534 3760 voluit.
577 3701 679 3777 Specie
701 3701 794 3775 igitur
815 3701 887 3758 duas
910 3701 1039 3758 diversas
1061 3699 1173 3758 traditi-

112 3818 182 3859 ones
203 3800 259 3858 hoc
280 3800 346 3860 loco
367 3799 517 3858 habemus.
560 3800 602 3857 At
622 3818 724 3858 revera
745 3818 804 3856 una
824 3801 942 3856 tantum
963 3802 1017 3869 est,
1039 3818 1129 3873 quam
1144 3798 1174 3855 in

112 3898 208 3958 varias
229 3900 329 3973 partes
351 3897 537 3973 interpretati
558 3901 627 3956 sunt
648 3896 807 3972 scriptores
829 3897 939 3967 nostri;
961 3896 1041 3972 apud
1052 3896 1174 3955 Florum

114 4088 317 4097 m...

150 4193 166 4255 ¹]
185 4200 253 4246 Flor.
271 4201 318 4257 111,
336 4200 359 4257 3,
379 4201 401 4245 7.
421 4223 450 4231 -
472 4189 489 4253 ”l
508 4200 579 4246 Oroa.
589 4199 617 4255 V,
638 4199 676 4255 16,
696 4199 739 4244 10:
762 4196 867 4253 „collem
878 4196 1019 4255 occupavit,
1032 4196 1075 4255 qui
1085 4209 1174 4254 caurpo

114 4288 156 4342 „et
180 4285 267 4342 fluvio,
285 4285 329 4330 ubl
355 4285 443 4330 hostes
470 4297 527 4330 sese
553 4284 714 4339 diffuderant,
741 4279 922 4338 imminebat’';
950 4281 1016 4327 Flor.
1035 4282 1082 4338 111,
1100 4283 1123 4337 3,
1143 4284 1174 4329 8:

115 4371 223 4428 ,vallem
239 4369 394 4429 fluviumque
412 4369 524 4416 medium
540 4369 629 4416 hostes
646 4367 774 4415 tenebant.
794 4391 824 4400 ··-
845 4357 863 4420 ³)
880 4366 967 4412 Front.
985 4367 1018 4424 II,
1038 4367 1060 4425 7,
1080 4368 1117 4416 12.
