2916 5062
793 442 832 498 26

282 602 405 678 Epicadi
433 601 650 678 supplemento.
694 599 776 658 Sulla
797 600 859 658 sine
882 599 972 658 dubio
994 600 1030 658 de
1051 600 1102 659 illo
1124 600 1238 660 somnio
1260 603 1291 660 et
1313 601 1352 660 de

283 700 384 759 dolore
406 699 486 775 quod
508 698 688 774 Capitolium
708 717 768 758 uon
788 698 940 756 refecisset
953 717 1052 758 coram
1069 698 1171 757 amicis
1183 699 1353 774 aegrotanti

284 797 340 856 sibi
361 795 558 856 assidentibus
580 796 708 867 locutus,
735 795 806 854 talia
828 796 958 855 cumeis
980 796 1210 855 communicavit
1230 799 1261 855 et
1280 795 1352 873 Epi·

284 895 375 954 cadus
400 895 452 954 has
478 914 525 953 res
547 893 649 952 ΧΧΙΙ0
669 894 745 954 libro
767 894 889 966 addidit,
912 894 1011 953 Sullae
1032 894 1125 971 ipsius
1147 894 1244 954 verbis
1265 914 1352 954 usus.

283 992 389 1068 Itaque
415 1012 474 1052 nou
494 993 615 1068 propria
647 992 800 1051 dictatoris
828 1011 918 1050 manu
946 992 1066 1068 quidem
1087 993 1198 1068 scripta
1218 993 1352 1064 fuerunt,

284 1089 336 1149 sed
367 1090 465 1149 onmia
493 1089 717 1149 Commentariis
745 1089 787 1148 eis
808 1089 877 1149 olim
901 1089 1136 1161 continebantur,
1158 1089 1353 1166 eiusdemque

285 1191 355 1247 sunt
386 1189 572 1247 auctoritatis
604 1207 694 1263 quam
725 1188 876 1260 habereut,
906 1188 931 1246 si
958 1187 1041 1246 Sulla
1061 1187 1125 1264 ipse
1147 1208 1181 1247 ea
1202 1188 1352 1265 couscrip-

285 1287 380 1346 sisset.
408 1321 442 1329 -
466 1285 573 1344 Merito
601 1286 689 1344 Peter
709 1306 737 1345 v.
760 1286 795 1345 cl.
818 1285 965 1345 somnium
986 1306 1003 1344 a
1023 1286 1185 1346 Plutarcho
1205 1286 1353 1345 traditum

285 1385 313 1442 in
337 1383 622 1442 Commentariorum
644 1383 810 1458 fragmenta
831 1384 959 1459 accepit3
988 1383 1055 1442 vida
1076 1384 1112 1442 fr.
1134 1384 1207 1440 21¹³n
1230 1383 1270 1456 1);
1300 1384 1354 1442 sed

286 1481 389 1541 eodem
420 1482 485 1539 iure
513 1482 602 1539 etiam
630 1481 720 1540 verba
741 1501 758 1538 a
779 1481 874 1540 Plinio
896 1485 1022 1553 servata,
1044 1501 1119 1557 quae
1140 1481 1229 1541 modo
1251 1481 1352 1541 lauda-

286 1578 393 1650 vimus,
414 1579 445 1636 in
466 1579 568 1637 eadem
588 1579 755 1654 fragmenta
776 1578 945 1654 accipienda
966 1583 1058 1638 erant.

322 1848 340 1913 ¹)
358 1858 434 1904 Peter
450 1820 488 1904 fr.⁸
499 1871 523 1918 p.
543 1859 598 1906 134.
