2916 5062
689 401 747 506 'aa

192 610 343 667 ruentariis
366 610 552 684 desumptam
576 627 647 675 esse,
670 628 727 664 non
750 627 784 665 ex
806 607 847 664 eis
869 609 995 677 tantum,
1013 626 1087 682 quae
1100 606 1259 664 Sallustius

192 708 350 766 memoriae
382 706 522 782 prodidit,
555 706 733 780 colligimus
766 705 817 763 sed
846 724 880 762 ex
906 705 963 763 illis
995 704 1140 780 imprimis
1174 723 1258 779 cluse,

191 809 227 864 ut
248 806 361 864 Rutilio
383 805 480 863 minus
497 805 623 878 cognita,
636 823 741 879 parum
754 803 911 877 diligenter
922 803 1079 877 explicavit
1091 802 1259 861 Sallustius.

233 905 273 961 31².
316 904 360 960 De
393 903 499 960 Zamae
521 902 673 960 obsidione
701 901 881 976 etproeliiS,
904 901 1029 976 quaein
1052 919 1261 975 erroppugna-

192 1001 272 1060 tione
304 1001 383 1059 facta
405 1004 483 1058 sunt.
526 1000 660 1058 Sallustii
680 999 835 1074 prolixitas
856 999 904 1056 hio
926 998 1146 1074 quodammodo
1169 998 1258 1056 etiam

188 1090 380 1157 ¹mirationem
402 1100 510 1167 movet,
534 1117 600 1155 curn
624 1096 771 1172 expeditio
792 1096 904 1155 frustra
922 1096 1021 1154 fuerit.
1043 1096 1169 1154 Accedit
1180 1095 1262 1171 quod

192 1196 221 1252 in
250 1195 340 1253 verba
361 1195 508 1270 quaedam
529 1194 686 1253 incidimus
709 1193 742 1266 ¹),
765 1213 841 1268 quae
863 1194 928 1268 ipsa
950 1193 1021 1251 satis
1044 1212 1262 1268 supervacanea

193 1293 332 1350 videntur
362 1296 398 1350 ut
434 1291 614 1367 ,(Metellus)
637 1336 763 1350 .....
786 1293 887 1368 tepolis
913 1291 1040 1366 imperat
1061 1290 1113 1348 ubi
1135 1291 1262 1366 quisque

196 1395 358 1462 ,curaret'’.
400 1390 568 1449 Verisimile
600 1393 645 1448 est
667 1389 842 1448 Sallustium
862 1389 1008 1464 prolixam
1030 1388 1260 1463 descriptionem

193 1490 332 1559 muneris,
355 1507 414 1564 quo
437 1488 568 1546 Rutilius
591 1488 620 1544 in
642 1487 864 1563 oppugnatione
885 1487 1058 1562 perfunctus
1077 1490 1122 1544 est
1140 1487 1263 1563 etquod

192 1587 306 1663 ipsein
329 1586 546 1645 commentariis
569 1585 630 1643 suis
652 1585 817 1654 rettulerat,
840 1584 1028 1643 contraxisse.

234 1686 273 1743 la.
316 1684 359 1742 lla
379 1683 538 1759 praecipue
560 1701 668 1758 magna
688 1683 859 1758 prolixitate
882 1682 1050 1741 aSallustio
1066 1683 1260 1757 explicantur,

195 1802 269 1858 quae
294 1782 444 1857 pertinent
465 1781 502 1839 ad
524 1801 571 1839 res
593 1801 610 1838 a
630 1780 725 1839 Mario
746 1782 846 1855 legato
869 1780 898 1836 in
920 1779 1049 1837 hibernis
1071 1779 1261 1838 Uticensibus

195 1881 290 1937 hieme
322 1880 390 1937 anni
424 1877 553 1954 109f108
585 1882 684 1953 gestas
716 1882 746 1936 et
777 1878 814 1936 ad
835 1878 1017 1936 simultatem
1039 1878 1116 1935 inter
1132 1878 1211 1935 hunc
1234 1881 1263 1934 et
1300 1901 1304 1907 ·

196 1978 349 2034 Metellum
371 1981 476 2036 ortam.
509 1976 590 2045 Quae
610 1976 708 2034 omnia
720 1976 863 2034 Rutilium
879 1975 1262 2050 compertissimahabuisse

196 2075 244 2133 vix
266 2074 420 2132 ostendere
442 2093 517 2149 opus
540 2077 585 2131 est
606 2077 636 2131 et
657 2092 692 2131 ex
712 2073 930 2148 comparatione
948 2093 1015 2131 cunr
1032 2073 1193 2131 Plutarcho
1205 2073 1263 2130 iarn

197 2192 287 2247 snpra
308 2172 505 2247 suspicionem
528 2172 677 2229 effecimus
700 2170 724 2243 2)
746 2172 857 2230 fontem
879 2190 1065 2230 communem
1080 2190 1187 2246 exque
1201 2175 1261 2229 tam

197 2269 374 2328 Plutarchus
406 2289 495 2345 quam
527 2269 686 2328 Sallustius
718 2269 892 2340 hauserint,
912 2270 1027 2326 nullum
1059 2269 1150 2326 alium
1171 2269 1263 2326 luisse

198 2368 252 2426 nisi
274 2367 379 2426 Rutilii
401 2367 635 2427 commentarios

235 2466 310 2524 Dein
331 2486 389 2524 non
410 2465 513 2524 leviori
536 2465 714 2524 documento
736 2469 806 2523 sunt
828 2485 870 2535 ea,
893 2485 968 2540 quae
992 2464 1150 2523 Sallustius
1163 2464 1265 2522 dehac

195 2569 278 2639 parte
300 2564 369 2622 belli
391 2564 421 2621 in
442 2563 524 2621 brevi
547 2567 707 2638 conspectu
729 2564 839 2638 posuit.
870 2562 1003 2620 Alterius
1025 2563 1124 2637 gravis
1146 2581 1264 2637 pugnae

197 2666 313 2720 tantum
346 2662 394 2720 liic
416 2662 594 2720 mentionem
616 2661 750 2731 iacimus,
773 2681 832 2736 qua
853 2661 990 2719 Metellus
1013 2661 1109 2734 (Livio
1132 2661 1277 2732 auctore)-

197 2778 272 2817 anno
297 2759 566 2832 108⁰[ugu1cnam
588 2759 667 2817 vicit.
700 2759 798 2818 Huius
820 2759 925 2834 proelii
945 2762 1130 2817 momentum
1148 2758 1265 2816 Livium

197 2877 255 2915 non
276 2857 370 2916 levius
393 2857 512 2914 duxisse
534 2877 625 2932 quam
647 2857 709 2914 eius
732 2857 812 2932 quod
834 2856 871 2914 ad
892 2857 1012 2914 Muthul
1032 2858 1141 2914 flumen
1154 2856 1266 2914 sactum

199 2960 244 3014 est
275 2955 331 3013 iam
362 2974 452 3030 supra
473 2955 613 3030 apparuit
634 2955 666 3029 ³).
710 2955 744 3012 Id
766 2955 859 3029 igitur
880 2955 961 3030 quod
982 2955 1061 3012 idem
1082 2955 1267 3030 proeliuma

198 3054 339 3113 Sallustio
360 3073 420 3111 nno
442 3053 531 3111 verbo
553 3057 671 3110 tantum
693 3057 952 3122 commemoratur,
976 3071 1043 3111 curn
1064 3052 1146 3127 prior
1166 3070 1268 3127 pugna

200 3152 335 3227 pluribus
358 3151 505 3226 capitibus
528 3151 759 3224 contineatur4),
782 3155 846 3208 tum
869 3150 988 3208 demum
1009 3151 1141 3225 intellegi
1158 3154 1268 3224 potest,

200 3249 225 3308 si
256 3249 396 3319 Rutilius,
429 3248 480 3324 qui
512 3248 596 3306 alteri
627 3267 745 3323 pugnae
777 3267 871 3323 neque
904 3249 1039 3306 interluit
1071 3268 1166 3324 neque
1204 3268 1267 3306 eam

202 3347 367 3423 descripsit,
399 3346 532 3404 Sallustii
564 3349 667 3404 auctor
700 3349 753 3403 est.
796 3346 839 3403 De
871 3345 960 3404 rebus
983 3346 1012 3403 in
1033 3347 1144 3404 Metelli
1167 3346 1270 3405 castris

202 3446 287 3503 factis
318 3444 392 3502 nihil
413 3464 430 3501 a
451 3443 592 3502 Sallustio
614 3443 757 3501 traditum
781 3447 826 3501 est
848 3448 917 3518 post
939 3463 973 3501 ea
994 3447 1137 3519 tempora,
1160 3445 1269 3520 quibus

201 3543 338 3601 Metellus
371 3541 482 3601 Cirtam
514 3541 653 3600 adversus
686 3540 838 3599 Bocchum
870 3545 900 3599 et
922 3541 1100 3616 Iugurtham
1131 3542 1269 3612 defendit,

202 3641 282 3717 quod
314 3644 444 3698 extrema
476 3643 587 3698 aestate
620 3639 687 3696 anni
720 3640 784 3697 108ἰ
816 3642 928 3698 laetum
952 3644 1005 3697 est.
1048 3639 1153 3698 Omnia
1175 3644 1271 3698 osten-

205 3739 280 3796 dunt
311 3737 487 3796 Sallustium
509 3740 651 3812 tempora,
675 3756 750 3812 quae
772 3737 909 3797 Metellus
930 3738 960 3795 in
981 3737 1082 3796 Africa
1103 3738 1193 3811 degit,
1213 3757 1272 3795 non

206 3856 240 3894 ex
272 3839 401 3906 auctore,
435 3835 485 3911 qui
514 3835 625 3894 Metelli
647 3854 693 3893 res
715 3839 814 3909 gestas
836 3835 1006 3893 minutatim
1026 3838 1200 3910 persecutus
1223 3836 1271 3905 sit,

205 3934 257 3993 sed
289 3954 323 3992 ex
355 3953 399 4004 eo,
432 3934 483 4010 qui
510 3953 544 3991 ea
565 3935 682 3991 tantum
704 3933 863 3992 memoriae
885 3932 1057 4008 prodiderit,
1080 3933 1188 4008 quibus
1209 3933 1272 4008 ipse

208 4032 301 4103 affuit,
331 4032 514 4107 cognovisse.
557 4031 633 4101 Quin
655 4031 744 4089 etiam
765 4030 863 4102 rebus
886 4050 960 4106 quas
982 4031 1128 4102 Metellus,
1152 4030 1221 4088 dum
1244 4031 1274 4088 in

245 4290 262 4354 ¹}
281 4300 320 4355 57,
339 4300 361 4344 3.
382 4323 412 4330 -
434 4288 451 4352 2)
470 4310 548 4358 supra
565 4311 589 4357 p.
608 4299 639 4345 42
659 4311 696 4356 sq.
717 4322 746 4330 —
768 4289 786 4352 ³)
804 4312 881 4357 supra
898 4311 923 4356 p.
941 4299 980 4344 35.
1001 4322 1027 4330 -
1051 4289 1070 4351 ⁴)
1080 4298 1119 4354 48,
1131 4299 1144 4342 3
1158 4321 1187 4330 -
1199 4298 1238 4354 54,
1251 4299 1274 4344 5.
