2916 5062
705 453 761 511 121

198 608 286 670 clivia
317 611 449 686 Alpium,
482 612 543 669 suis
576 612 668 688 copiis
697 617 798 671 contra
819 612 959 673 barbaros
980 616 1089 672 tenere.
1131 613 1188 673 Sed
1210 615 1269 673 iam

199 709 301 768 statim
323 708 438 782 impetu
459 708 653 767 barbarorum
674 729 842 784 oppressus
864 730 941 785 pone
962 711 1073 768 flumen
1091 731 1121 770 se
1138 712 1268 786 recipere

200 809 321 865 coactus
353 810 407 864 est.
466 806 510 863 De
542 806 597 864 hac
629 807 710 865 clade
743 811 802 866 tres
835 811 971 867 auctores
1004 812 1106 884 agunt,
1139 810 1267 884 epitome

202 904 322 963 Liviana
341 904 372 977 1),
401 903 561 962 Frontinus
580 903 616 976 2),
637 903 773 963 Valerius
795 905 941 964 Maximus
959 905 995 978 ³).
1036 906 1174 982 Epitome
1196 907 1268 966 dicit

201 1001 340 1060 barbaros
366 1000 402 1058 ab
423 1001 552 1076 Alpibus
573 1001 737 1077 reppulisse
760 1006 790 1060 11
810 1003 960 1077 fugavissc
982 1003 1016 1073 Q.
1040 1001 1178 1062 Catulum
1199 1023 1267 1079 pro-

198 1100 360 1158 consulem.
402 1098 562 1157 Frontinus
594 1098 676 1157 addit
708 1099 847 1158 Catulum
875 1104 945 1175 post
976 1099 1088 1158 cladem
1115 1105 1266 1176 acceptam

199 1197 268 1255 dolo
300 1195 429 1271 quodam
451 1196 583 1254 adhibito
605 1196 744 1267 effecisse,
767 1200 801 1254 ut
822 1197 939 1255 barbari
960 1197 1087 1256 victores
1109 1219 1126 1256 a
1146 1198 1267 1257 flumine

200 1295 361 1374 paullisper
399 1293 576 1363 secederent,
617 1313 677 1369 quo
714 1294 771 1369 ipsi
802 1297 935 1369 potestas
970 1295 1063 1366 fieret,
1104 1295 1135 1353 in
1175 1297 1267 1354 altera

199 1392 263 1468 ripa
293 1391 439 1462 fluminis,
471 1391 583 1460 dextra,
617 1391 805 1450 consistendi.
858 1391 994 1450 Valerius
1026 1393 1182 1463 Maximus,
1215 1393 1267 1468 qui

197 1491 314 1565 equites
345 1489 494 1547 Romanos
526 1489 556 1545 in
588 1488 639 1546 illa
669 1507 771 1564 pugne
801 1489 883 1547 fusos
916 1508 979 1548 esse
1005 1489 1085 1561 dicit,
1107 1491 1196 1548 etiam
1218 1491 1266 1549 ad-

196 1587 242 1645 dit
273 1587 389 1662 equites
420 1587 522 1660 pulsos
554 1585 671 1644 deserto
703 1585 809 1646 Catulo
841 1586 946 1644 urbem
978 1587 1101 1662 pavidos
1132 1591 1265 1663 repetere

200 1684 344 1754 voluisse3
377 1684 453 1741 inter
484 1683 538 1742 hos
570 1683 684 1758 equites
716 1683 756 1740 M.
788 1682 892 1742 Scauri
919 1685 1014 1742 filium
1043 1685 1134 1742 luisse
1156 1690 1264 1756 narrat,

196 1783 248 1841 cui
278 1784 363 1857 pater
393 1785 520 1839 mortem
552 1781 707 1839 minitatus
730 1784 816 1852 esset,
839 1781 864 1839 si
884 1782 987 1856 fugere
1008 1786 1153 1857 pergeret.
1196 1783 1264 1841 Plu·

198 1879 319 1938 tarchus
351 1879 386 1936 de
417 1879 529 1953 proelio
563 1897 622 1953 quo
656 1878 778 1937 Catulus
810 1879 986 1954 profligatus
1007 1880 1055 1949 sit,
1077 1899 1135 1938 non
1156 1880 1264 1938 diserte

199 1977 378 2036 mentionem
413 1976 493 2034 facit.
545 1975 581 2032 Id
616 1976 688 2033 mihi
721 1976 912 2035 tribuendum
943 1977 1062 2035 videtur
1093 1978 1265 2036 auctoritati

195 2074 485 2134 Commentariorum
506 2073 614 2131 Sullae.
658 2074 720 2132 Hos
749 2073 992 2144 Commentarios
1014 2078 1049 2133 ut
1070 2094 1139 2134 mox
1161 2075 1263 2134 confir-

198 2172 295 2243 mabo,
327 2172 357 2228 in
388 2171 433 2230 his
464 2171 552 2229 rebus
585 2170 741 2245 diligenter
773 2172 924 2230 consuluit
951 2172 1138 2230 Plutarchus
1182 2173 1264 2232 Sulla

199 2273 299 2327 autem
329 2269 459 2326 multum
490 2287 596 2343 operae
628 2268 717 2339 dedit,
747 2272 782 2327 ut
811 2268 917 2327 Catulo
937 2273 1080 2344 parceret,
1102 2273 1196 2346 utque
1217 2290 1263 2328 res

198 2368 335 2425 adversas
367 2385 442 2441 quae
465 2365 491 2423 ei
513 2365 709 2440 contigerunt,
731 2367 840 2425 leniore
862 2366 950 2425 modo
972 2366 1153 2442 depingeret.
1195 2366 1263 2442 Ipse

192 2484 283 2523 senex
320 2461 554 2522 Commentarios
589 2482 656 2521 cum
688 2463 838 2532 scriberet,
870 2483 943 2522 usus
977 2468 1023 2522 est
1045 2465 1262 2523 commentariis

198 2562 304 2631 Catuli,
326 2561 378 2636 qui
399 2560 550 2635 aliquanto
572 2563 639 2618 ante
661 2560 690 2617 in
711 2560 808 2619 lucem
830 2565 913 2619 erant
934 2560 1014 2619 editi.
1048 2562 1172 2620 Etiamsi
1183 2562 1262 2637 ipsas

196 2679 242 2718 res
264 2662 363 2734 gestas
385 2677 444 2716 non
466 2658 632 2733 corrupisse
653 2657 771 2716 videtur
792 2657 960 2717 mentiendo
982 2662 1081 2717 tamen
1103 2679 1171 2718 eum
1192 2678 1262 2717 non-

195 2758 276 2814 nulla
307 2775 382 2831 quae
415 2755 512 2814 Catuli
543 2755 654 2829 gloriae
686 2755 808 2813 adversa
839 2758 937 2814 essent
968 2763 1021 2815 aut
1052 2757 1184 2816 omisisse
1210 2762 1262 2816 aut

194 2855 298 2931 paucis
329 2852 428 2911 verbis
458 2852 618 2912 absolvisse
640 2853 797 2911 verisimile
820 2856 873 2911 est.
915 2853 989 2911 Eam
1011 2873 1130 2930 operam
1152 2860 1261 2926 autem,

196 2972 255 3028 qua
285 2970 332 3009 res
354 2954 456 3027 gestae
478 2949 714 3025 depingebantur
735 2950 883 3010 coloribus
905 2950 1011 3010 Catulo
1033 2972 1122 3027 quam
1143 2953 1263 3012 minime

194 3048 312 3125 iniquia,
346 3049 435 3107 etiam
467 3047 547 3123 apud
578 3046 773 3106 Plutarchum
806 3048 1061 3123 deprehendimus.
1104 3049 1168 3108 Hoc
1196 3051 1262 3110 loco

104 3131 111 3144 ⁸
193 3146 280 3208 Sulla
311 3150 392 3206 certo
415 3166 432 3203 1
453 3144 598 3204 vocabulo
621 3145 711 3203 cladis
733 3145 840 3215 Catuli,
862 3146 1004 3204 victoriae
1027 3167 1043 3204 a
1066 3146 1196 3206 barbaris
1218 3168 1261 3206 re·

193 3247 341 3325 portatae,
370 3242 474 3302 sedulo
497 3243 592 3313 cuvit3
621 3261 689 3300 eum
712 3246 832 3301 secutus
854 3244 1034 3302 Plutarchus
1056 3244 1091 3302 de
1114 3245 1261 3304 11111111-

191 3347 281 3419 ¹cepta
312 3345 400 3410 tacet,
434 3376 468 3383 --
499 3340 677 3399 Plutarchus
706 3345 806 3399 autem
827 3333 889 3398 hjl.
903 3346 1011 3412 narrat,
1034 3342 1142 3401 milites
1165 3343 1262 3402 Catuli

194 3441 315 3500 territos
347 3439 435 3496 ultro·
457 3437 562 3495 abiisse
584 3440 620 3495 ut
640 3437 670 3494 in
691 3441 792 3495 tutum
814 3457 844 3496 se
866 3439 1039 3514 reciperent,
1062 3442 1091 3496 ct
1114 3440 1261 3509 Catulum,

194 3559 230 3598 ne
263 3557 297 3596 ca
327 3537 399 3611 fuga
421 3555 484 3594 esse
506 3535 665 3606 videretur,
695 3536 780 3609 quasi
801 3536 894 3611 ipsius
916 3536 999 3595 iussu
1020 3536 1076 3595 hoc
1097 3537 1189 3608 fieret,
1212 3557 1260 3613 ag·

195 3636 269 3694 mini
288 3635 440 3709 legionum
462 3633 712 3692 retrocedentium
735 3633 833 3708 aquila
855 3638 972 3708 arrepta
993 3653 1023 3692 11
1044 3636 1260 3710 praeposuisse.

194 3733 314 3807 Clarum
347 3734 392 3790 est
412 3732 467 3790 hoc
489 3751 547 3790 non
569 3731 716 3806 pertinere
738 3730 775 3789 ad
797 3750 861 3789 eam
884 3731 985 3805 fugam
1007 3732 1150 3808 equitum,
1171 3753 1260 3808 cluam

193 3830 371 3889 memoravit
391 3828 528 3887 Valerius
550 3829 705 3887 Maximus.
744 3827 878 3903 Apparet
906 3829 1067 3886 exercitum
1089 3829 1186 3888 Catuli
1203 3831 1261 3905 pri-

192 3947 278 3992 mum
309 3947 372 3986 esse
403 3926 595 4003 profligatum
626 3926 656 3982 in
687 3926 751 4001 ripa
776 3927 872 3996 laeva3
896 3925 999 3984 deinde
1021 3927 1050 3984 in
1071 3927 1136 4002 ripa
1158 3928 1260 3986 dextra

197 4135 400 4144 ——--—-

231 4290 248 4351 ¹)
266 4297 323 4344 Lir.
342 4311 381 4358 ep.
401 4300 439 4344 68.
460 4323 489 4330 —
511 4288 529 4350 ρ)
549 4297 636 4344 Front.
654 4298 675 4354 1,
696 4299 718 4355 5,
746 4299 768 4344 3.
789 4321 819 4330 -
842 4289 859 4352 θ)
877 4297 930 4345 Val.
949 4298 1013 4343 Mar.
1031 4298 1059 4352 V,
1080 4298 1102 4353 8,
1120 4298 1143 4342 4.
