2916 5062
788 509 826 574 94

276 671 335 735 sint
367 675 445 735 victi.
486 676 563 734 Nam
595 677 735 751 primum,
768 694 835 733 cum
858 674 966 749 Caepio
988 692 1093 731 manns
1116 692 1183 730 cum
1205 671 1347 731 hostibus

275 775 480 844 conseruisset,
513 774 576 831 fieri
606 793 666 831 non
696 776 796 848 potest
823 772 893 848 quin
927 772 1027 830 statim
1048 770 1077 830 ei
1097 771 1207 829 anxilio
1229 770 1347 828 venerit

276 873 403 943 Mallius,
427 872 478 947 qui
500 876 567 929 cum
589 872 719 930 exercitu
740 872 873 945 proxime
895 870 1005 927 aberat.
1045 868 1166 938 Deinde,
1189 867 1213 927 si
1236 867 1348 942 Caepio

277 971 357 1028 solus
382 973 459 1028 esset
479 969 665 1045 profligatus,
688 969 713 1026 si
733 968 852 1026 Mallius
874 967 1020 1042 Caepione
1041 966 1161 1041 prodito
1183 966 1292 1024 milites
1316 965 1348 1021 in

277 1067 380 1126 castris
411 1067 582 1125 retinuisset
613 1086 708 1143 neque
739 1069 911 1141 pugnasset,
933 1065 958 1122 is
979 1065 1081 1140 sugam
1104 1064 1294 1139 capessiverit
1317 1065 1349 1120 et

276 1165 377 1224 statim
406 1165 509 1223 castris
531 1165 620 1223 motis
642 1165 733 1222 aliurn
754 1165 854 1222 locum
876 1162 1055 1239 quaesiverit
1075 1181 1194 1220 necesse
1216 1164 1270 1231 est,
1292 1160 1348 1218 ubi

277 1263 313 1321 ab
335 1262 472 1321 hostibus
495 1282 525 1320 se
547 1262 702 1320 defendere
723 1265 825 1337 posset
847 1265 877 1320 et
898 1260 1011 1318 diutius
1033 1259 1122 1318 etiam
1143 1277 1276 1335 pugnam
1297 1257 1349 1316 de·

277 1363 436 1431 trectaret3
464 1363 495 1419 at
522 1360 552 1418 id
574 1379 632 1419 non
653 1360 724 1419 fecit
744 1359 872 1430 Mallius,
896 1358 999 1418 eodem
1020 1358 1086 1416 loco
1108 1375 1167 1432 quo
1190 1356 1297 1431 Caepio
1322 1356 1348 1414 is

278 1478 396 1534 quoque
428 1458 524 1516 victus
557 1461 610 1516 est.
653 1458 787 1533 Denique
820 1457 844 1516 si
875 1456 996 1532 propria
1026 1471 1129 1530 pugna
1149 1454 1263 1523 fuisset,
1286 1474 1350 1529 qua

276 1556 393 1614 Mallius
424 1559 529 1630 postea
560 1559 638 1614 esset
668 1556 776 1624 victus,
809 1558 873 1614 tota
900 1553 996 1613 clades
1018 1572 1077 1611 non
1097 1555 1200 1627 posset
1221 1551 1349 1610 attribui

278 1654 382 1729 culpae
414 1656 444 1712 et
474 1653 635 1712 temeritati
667 1653 831 1728 Caepionis
863 1656 928 1711 tum
958 1651 1083 1710 similem
1116 1652 1233 1726 culpam
1265 1648 1349 1724 apud

277 1751 412 1809 Mallium
432 1752 564 1809 futuram
586 1751 677 1809 fnisse
699 1736 791 1826 patet.

318 1850 376 1907 Pro
399 1852 479 1908 certo
501 1850 594 1924 igitur
615 1851 744 1908 statuere
762 1849 831 1907 licet
853 1848 987 1906 Mallium
999 1847 1099 1906 statim
1115 1845 1254 1923 Caepioni
1266 1844 1349 1904 auxi·

276 1947 316 2006 lio
349 1948 472 2018 venisse,
504 1967 595 2005 unuin
626 1965 757 2022 pugnam
789 1946 826 2004 ad
847 1945 1025 2004 Rhodanum
1053 1949 1169 2021 gestam
1191 1964 1254 2002 esse
1276 1943 1350 2019 (nisi

276 2045 348 2102 illud
381 2045 536 2119 proelium,
569 2064 627 2121 qno
649 2045 750 2120 paullo
772 2047 839 2102 ante
866 2044 905 2101 M.
928 2043 1057 2102 Scaurus
1079 2042 1177 2102 victus
1199 2047 1269 2113 erat,
1291 2061 1350 2117 pro

277 2143 374 2218 pn'ore
395 2161 496 2218 pugna
517 2142 623 2201 habere
646 2146 675 2201 et
696 2143 771 2200 hano
793 2160 925 2217 pugnam
943 2141 1063 2200 omnino
1082 2139 1347 2199 secteridamdicere

278 2238 394 2311 mavis),
426 2259 485 2298 uno
520 2239 682 2315 eodemque
714 2239 826 2315 proelio
849 2240 924 2297 duos
946 2238 1138 2314 imperatores
1160 2256 1223 2296 esse
1244 2237 1348 2312 proili-

200 2378 203 2386 .
277 2340 372 2411 gatos.
415 2337 498 2395 Hanc
529 2337 566 2396 ob
589 2357 708 2396 cansam
730 2337 802 2394 nihil
824 2337 943 2395 adrem
966 2337 1082 2407 attinet,
1105 2354 1164 2411 quo
1186 2334 1287 2394 ordine
1310 2334 1349 2391 ab

279 2434 449 2493 auctoribus
471 2435 580 2494 nostris
602 2440 751 2510 ponantur
772 2435 891 2494 nomina
911 2434 1134 2510 imperatorum,
1158 2452 1224 2490 cum
1241 2431 1349 2489 dehac

280 2552 382 2608 pugna
413 2537 511 2607 agant.
541 2533 649 2608 Caepio
671 2553 851 2608 quamquam
873 2533 936 2591 eins
959 2535 1055 2590 castra
1076 2531 1194 2606 quidem
1214 2531 1350 2605 primum

282 2634 368 2705 capta
389 2635 466 2701 sunt,
490 2634 557 2689 ante
570 2636 665 2690 castra
677 2631 769 2689 Mallii
780 2635 879 2689 tamen
891 2630 915 2689 is
928 2629 1029 2688 eadem
1043 2647 1153 2704 pugna,
1166 2627 1268 2687 eodem
1280 2627 1350 2686 loco

281 2731 311 2786 et
332 2728 436 2787 eodem
457 2731 590 2804 tompore
611 2729 709 2787 victus
725 2733 779 2800 est,
792 2716 851 2805 quo
863 2729 990 2786 Mallius.
1008 2727 1131 2785 Licebat
1142 2726 1234 2800 igitur
1245 2727 1350 2782 aucto·

282 2825 363 2883 ribus
386 2825 489 2884 eodem
509 2827 573 2884 inre
593 2826 688 2885 dicere
706 2830 808 2885 utrum
819 2825 970 2901 placebat:
983 2824 1160 2899 Caepionem
1171 2825 1201 2881 et
1212 2822 1351 2880 Mallium

283 2922 377 2981 victos
400 2943 462 2982 esse
485 2924 545 2983 sive
568 2924 696 2997 (inverso
718 2923 832 2995 ordine)
854 2923 988 2981 Mallium
1007 2925 1036 2980 et
1054 2921 1239 2997 Caepionem.
1262 2919 1353 2990 Quod

281 3025 381 3079 autem
412 3022 531 3097 quidam
555 3026 699 3090 auctores
725 3026 755 3080 et
777 3022 802 3079 ei
825 3020 956 3096 quidem,
978 3039 1054 3095 quos
1076 3040 1093 3077 a
1114 3019 1200 3077 Livio
1221 3017 1353 3093 pendere

282 3122 406 3189 constat,
429 3120 507 3178 huno
530 3120 661 3179 ordinem
683 3119 889 3195 praetulerunt
912 3119 934 3192 ¹)
958 3117 985 3175 id
1007 3118 1117 3176 nullius
1140 3115 1352 3186 momentiest,

318 3515 335 3579 ¹)
361 3525 417 3572 Liv.
444 3539 484 3584 ep.
512 3525 541 3571 67
563 3525 609 3579 „ab
628 3525 724 3570 eisdem
743 3525 862 3570 hostibus
880 3524 924 3570 Cn.
942 3524 1045 3570 Mallius
1064 3523 1157 3570 Consul
1176 3525 1202 3569 et
1220 3522 1248 3578 Q.
1267 3521 1352 3570 Servi·

286 3609 351 3665 „lius
378 3611 471 3670 Orrapio
499 3610 639 3656 Proconsnl
658 3610 719 3655 victi
736 3610 835 3668 proelio
855 3610 946 3656 castris
964 3623 1064 3668 quoque
1082 3609 1150 3655 binis
1169 3609 1239 3654 exuti
1257 3607 1351 3666 sunt’';

284 3695 355 3741 Oros.
374 3695 402 3750 V,
423 3696 461 3750 16,
482 3697 494 3740 1
515 3695 556 3749 „C
575 3694 677 3739 Mallius
696 3695 789 3740 Consul
808 3698 834 3740 et
852 3696 878 3749 Q.
897 3693 1057 3754 Caepio....
1076 3691 1350 3751 victisnnt'’;Eutrop.

285 3780 311 3834 V,
331 3780 353 3834 1,
374 3780 385 3824 1
407 3779 528 3834 „Romani
547 3779 663 3824 consules
681 3779 714 3824 M.
732 3779 852 3824 Manilius
871 3781 897 3825 et
915 3780 942 3834 Q.
955 3779 1047 3838 Caepio
1058 3776 1351 3835 victisuut”;Flor.III,

285 3865 307 3919 3,
326 3864 341 3908 4
362 3877 422 3918 „uec
440 3864 550 3922 primum
568 3864 692 3921 impetum
710 3864 876 3909 barbarorum
895 3864 1004 3920 Silanus,
1017 3863 1213 3908 necsecnndum
1222 3861 1352 3918 Manilius,

286 3961 347 4002 ,nec
366 3948 470 3993 tertium
489 3948 581 4007 Caepio
601 3947 728 3993 sustinere
745 3946 909 4006 potnerunt.”
944 3948 1036 3992 Florus
1055 3948 1165 3992 fortasse
1184 3946 1308 4005 cogitavit
1321 3947 1352 3992 da

284 4046 314 4077 ea
341 4046 425 4090 pugna
452 4033 591 4091 superiore,
609 4045 659 4090 qua
676 4033 709 4077 M.
728 4033 836 4078 Scaurus
853 4033 937 4078 rictus
956 4035 982 4078 et
1000 4034 1089 4090 captus
1108 4033 1155 4087 est,
1173 4031 1217 4088 qni
1234 4034 1352 4089 praeerat
1398 4075 1401 4080 .

284 4117 350 4175 parti
377 4117 502 4163 exereitus
529 4117 610 4162 Mallii
638 4116 763 4162 Consulis.
798 4116 898 4176 Reliqui
924 4116 1038 4161 Mallium
1055 4116 1139 4175 priore
1157 4115 1214 4161 loco
1232 4115 1351 4174 posuisse

283 4201 409 4258 videntur,
428 4201 486 4260 quia
505 4215 561 4246 eum
581 4201 696 4246 ordinem
714 4203 843 4247 serratum
862 4215 918 4247 esse
936 4201 1057 4247 videbant
1075 4201 1100 4246 in
1119 4200 1232 4260 epitome
1244 4201 1352 4246 Liviana

284 4298 333 4344 qua
350 4287 500 4343 utebantur;
520 4286 545 4330 in
564 4299 593 4331 es
611 4285 723 4344 epitome
742 4287 826 4331 autem
844 4285 947 4330 Mallius
967 4284 1052 4344 priore
1066 4285 1121 4331 loeo
1132 4285 1279 4331 nominatus
1289 4287 1351 4340 erat,

284 4371 352 4431 qnod
370 4370 392 4415 is
410 4374 464 4416 crat
482 4370 575 4416 Consul
594 4372 620 4416 et
638 4382 764 4416 summum
783 4368 917 4428 imperium
935 4368 960 4414 in
979 4383 1009 4415 ca
1026 4369 1130 4428 regione
1148 4369 1266 4416 habebat.
