2916 5062
705 468 746 527 ta

192 627 241 684 uix
272 627 301 684 in
333 627 435 700 lugam
468 646 498 684 sc
531 627 645 685 confert
667 627 699 698 1),
732 626 843 685 Marius
876 645 952 684 nunc
985 645 1102 702 quoquo
1126 628 1256 702 equestri

193 725 304 800 proelio
337 725 471 800 superior
502 725 599 782 lactus
631 725 667 782 ad
701 744 769 782 suos
794 743 824 782 se
846 724 958 798 recipit,
982 723 1107 782 Romani
1128 724 1255 783 victores

198 822 367 892 discedunt3
390 822 501 891 caedes,
525 842 614 897 quam
636 822 814 896 fugientium
835 822 966 880 hostium
989 822 1089 893 edunt,
1111 822 1255 881 rhetorice

197 924 322 978 ornatur.

232 1018 294 1075 Hae
316 1036 483 1092 pugnarum
507 1017 718 1092 descriptiones
738 1037 754 1075 a
766 1017 848 1075 Sulla
859 1017 953 1075 saetae
966 1017 1074 1075 eisdem
1087 1018 1166 1076 vitiis
1177 1017 1255 1075 labo·

196 1120 257 1174 rant
290 1116 399 1191 quibus
432 1119 576 1186 auctores,
607 1116 725 1191 quires
747 1136 763 1172 a
785 1135 815 1173 se
837 1119 935 1190 gestas
959 1117 1204 1191 conscripserunt,
1227 1116 1256 1172 in

197 1213 409 1272 commentariis
431 1233 551 1288 peccare
574 1215 682 1282 solant;
704 1213 734 1271 hi
756 1232 802 1271 res
825 1233 950 1284 mancas
971 1215 1135 1284 lacunosae,
1150 1213 1185 1271 ab
1197 1234 1256 1271 una

196 1314 307 1369 tautum
329 1314 413 1386 parte
436 1314 584 1386 spectatas
605 1311 712 1370 litteris
734 1311 890 1381 rnandant3
913 1332 946 1369 ea
970 1315 1176 1370 tantumreete
1190 1331 1256 1369 con·

196 1409 317 1467 scribere
339 1411 446 1479 valent,
470 1410 578 1485 quibus
599 1410 656 1484 ipsi
678 1409 892 1479 interfuerunt,
915 1410 1041 1467 aliorum
1053 1410 1141 1467 rebus
1152 1410 1256 1468 leviter

196 1507 279 1565 modo
301 1513 331 1565 et
353 1507 451 1582 quoad
472 1508 551 1564 lama
562 1511 592 1565 et
602 1526 720 1565 rumore
733 1526 781 1565 eas
794 1507 910 1582 assequi
923 1510 1069 1581 poterant,
1081 1507 1254 1582 perstrictis.

230 1605 273 1663 De
305 1605 427 1680 reliquis
459 1604 557 1676 rebus,
590 1624 663 1680 quas
693 1604 850 1663 Sallustius
873 1625 887 1663 e
910 1605 1008 1662 Sullae
1031 1604 1255 1664 Commentariis

196 1703 298 1761 sumsit
320 1703 353 1774 2),
375 1704 504 1777 priorem
524 1703 702 1777 legationem
721 1702 820 1760 Sullae
832 1702 868 1760 ad
881 1702 1033 1760 Bocchum
1045 1703 1209 1777 profectam
1221 1701 1254 1773 3),

194 1799 302 1859 Bocchi
334 1801 448 1874 legatos
481 1800 585 1858 Uticae
617 1820 633 1857 a
662 1800 744 1858 Sulla
765 1803 899 1875 receptos
921 1801 955 1873 4),
979 1800 1136 1858 concilium
1159 1799 1255 1858 Cirtae

194 1897 336 1969 habitum,
371 1898 418 1956 oui
440 1897 523 1955 Sulla
544 1898 627 1955 affuit
649 1897 683 1971 5),
706 1917 774 1955 011111
796 1898 904 1956 iterum
925 1897 1077 1955 Bocchum
1099 1897 1205 1955 adiisse
1227 1899 1256 1955 et

194 1993 368 2070 Iugurtham
400 1995 542 2053 traditum
575 2015 647 2065 esse,
681 1995 716 2053 de
747 1995 792 2053 his
825 1995 962 2053 omnibus
993 1995 1066 2052 nihil
1088 1995 1255 2052 addendum

194 2113 252 2152 asse
274 2094 400 2154 videtur.
444 2094 520 2152 Dein
542 2094 565 2167 ⁶)
587 2093 622 2151 ad
645 2093 675 2150 id
696 2094 853 2169 praecipue
876 2094 991 2152 animus
1012 2094 1137 2168 legentis
1153 2094 1255 2152 adver-

193 2192 273 2263 titur,
307 2193 388 2268 quod
419 2192 576 2251 concilium
607 2210 665 2250 nou
697 2191 753 2250 nisi
782 2212 824 2262 ea,
847 2211 922 2267 quae
944 2192 1042 2251 Sullae
1063 2192 1253 2266 placuissent,

192 2290 305 2348 reiectis
328 2290 453 2348 aliorum
476 2289 637 2361 sententiis,
660 2288 831 2348 decrevisse.
875 2289 990 2347 Harum
1012 2288 1143 2347 omnium
1156 2308 1253 2347 rerum

194 2385 303 2445 Sullam
326 2391 477 2445 auctorem
500 2406 563 2445 esse
585 2407 620 2445 ex
642 2407 674 2444 aa
695 2406 726 2444 re
748 2387 882 2461 inprimis
903 2387 1093 2462 perspicuum
1108 2390 1161 2457 est,
1175 2385 1255 2461 quod

193 2484 215 2542 is
237 2484 377 2543 continuo
399 2484 509 2560 primas
531 2488 630 2559 partes
653 2485 724 2558 agit,
747 2489 776 2543 et
798 2484 878 2559 quod
896 2485 1166 2554 multanarrantur,
1180 2503 1255 2559 quae

194 2581 217 2639 ei
238 2582 303 2653 soli,
325 2601 383 2640 non
406 2582 463 2653 alii,
487 2582 606 2657 cognita
628 2601 690 2640 esse
711 2585 884 2657 potuerunt.
926 2581 1027 2639 Unum
1050 2582 1084 2639 de
1107 2583 1254 2657 quoforte

194 2679 320 2738 dubitari
352 2683 461 2755 potest,
494 2681 550 2738 boc
582 2684 642 2738 est:
671 2699 743 2737 num
771 2680 834 2738 iure
856 2683 985 2738 statuere
1007 2680 1093 2738 liceat
1115 2699 1157 2751 ea,
1180 2700 1255 2755 quae

195 2778 286 2853 capite
318 2777 371 2835 96⁰
397 2778 593 2847 continentur,
617 2797 651 2835 ex
673 2777 735 2836 eius
758 2777 982 2836 Commentariis
1004 2777 1161 2852 desumpta
1182 2798 1254 2836 esse.

195 2874 256 2934 Hoc
279 2875 374 2950 eapite
395 2879 532 2933 narratur
553 2875 635 2933 Sulla
656 2876 752 2950 primo
777 2874 875 2946 ,rudis
898 2879 983 2933 antea
994 2879 1024 2933 et
1034 2875 1155 2950 ignarus
1166 2875 1254 2934 bellu-¹

194 2971 272 3032 brevi
308 2973 546 3045 ,sollertissimus
579 2974 730 3031 omnium”
759 2974 856 3031 faetus
879 2992 951 3042 esse,
974 2973 1163 3048 benignitate,
1186 2973 1255 3031 libe-

192 3072 315 3141 ralitate,
348 3070 448 3129 studio
480 3074 509 3129 et
540 3070 687 3129 industria
722 3071 799 3142 ,sine
831 3091 922 3146 prava
954 3069 1133 3128 ambitione’'
1159 3087 1254 3144 neque

195 3169 321 3228 consulis
342 3185 437 3243 noque
460 3169 634 3243 cuiusquam
651 3169 720 3227 boni
731 3170 809 3226 fama
820 3169 907 3239 laesa,
920 3169 1128 3226 tantummodo
1140 3187 1254 3238 carena,

194 3286 227 3324 ne
248 3267 315 3343 quis
338 3267 459 3325 consilio
482 3271 534 3324 aut
555 3286 645 3324 manu
666 3267 730 3341 ipso
752 3266 833 3341 prior
854 3270 940 3335 esset,
962 3284 1030 3323 mox
1051 3266 1127 3324 inter
1144 3267 1255 3340 primos
1306 3341 1312 3351 Ι

193 3363 310 3424 habitus
342 3370 372 3423 et
401 3365 446 3423 his
479 3365 591 3422 artibus
629 3364 727 3435 ,brevi
748 3364 841 3423 llario
863 3364 1066 3439 militibusque
1088 3364 1255 3422 carissimus

194 3463 289 3521 faetus
312 3468 404 3522 esse”.

232 3561 430 3619 Credamusne
463 3560 574 3618 Sullam
606 3559 715 3618 talibus
746 3559 844 3618 verbis
877 3560 911 3618 de
944 3579 974 3618 se
1005 3560 1139 3619 locutum
1168 3564 1255 3618 esse?

194 3657 303 3718 Nostra
328 3659 445 3733 quidem
470 3658 615 3716 sententia
636 3658 698 3733 ipse
720 3657 744 3716 is
767 3661 838 3728 erat,
861 3658 912 3732 qui
934 3657 969 3715 de
991 3677 1021 3716 se
1043 3659 1085 3716 ita
1106 3658 1254 3728 scriberet,

194 3776 250 3816 non
278 3777 354 3817 vana
374 3756 592 3832 praedieatione
614 3775 644 3813 se
666 3756 787 3826 iactam,
810 3756 949 3814 sedante
971 3757 1069 3814 omnia
1090 3775 1188 3814 amore
1210 3757 1256 3814 sui

193 3855 354 3928 perductus
374 3858 409 3913 ut
431 3861 550 3929 op'eram
573 3853 664 3922 daret,
686 3856 721 3911 ut
743 3853 769 3911 ei
791 3853 842 3926 qui
856 3852 1088 3912 Commentarios
1101 3854 1164 3912 eius
1178 3854 1254 3927 lege-

193 3956 256 4010 rent
288 3952 450 4011 reetissime
482 3951 517 4009 de
549 3951 613 4026 ipso
645 3950 818 4009 iudicarent.
861 3950 936 4008 Eum
968 3952 1101 4025 profecto
1123 3951 1153 4008 in
1173 3950 1255 4008 libris
1315 3952 1317 3956 ’

195 4124 396 4132 --.——-—-

229 4227 246 4290 ’)
265 4232 278 4290 5
298 4236 336 4280 10.
357 4257 371 4266 -
416 4225 434 4289 2)
453 4247 472 4280 e.
493 4235 547 4279 102.
568 4255 598 4265 -
628 4224 646 4287 ³)
664 4247 685 4280 ο.
706 4235 759 4280 103.
781 4256 811 4266 -—
831 4225 850 4287 ⁴)
869 4247 889 4280 c.
911 4235 965 4281 101.
985 4258 1015 4266 -
1036 4225 1053 4288 ὖ1
1075 4249 1095 4280 a
1116 4199 1245 4279 105-111

196 4343 222 4352 -
244 4312 263 4374 “)
283 4321 339 4375 104,
358 4321 379 4364 2.
