2916 5062
796 483 835 540 98

325 643 491 721 Postquam
512 645 701 720 exposuimus
720 662 767 701 res
788 644 897 718 gestas,
920 643 1056 715 superest
1077 642 1112 697 nt
1133 639 1280 715 quaedam
1301 639 1357 696 ob-

289 764 438 803 servemus
471 743 506 802 de
528 743 676 801 nonnullis
698 741 795 811 rebus,
818 759 894 816 quae
916 739 953 796 ad
974 742 1110 796 auctores
1133 741 1229 796 certos
1251 737 1359 795 referri

287 861 374 917 posse
395 841 560 911 videantur,
589 840 624 898 de
646 840 774 909 vinculo,
797 837 878 914 quod
897 837 974 894 inter
996 836 1155 910 scriptores
1176 854 1240 893 esse
1262 855 1357 910 appa-

288 943 360 1009 reat,
392 939 427 996 de
459 939 585 996 fontium
609 936 824 996 communione.
866 935 912 991 Ac
932 933 1063 1009 primum
1085 933 1204 1008 quidem
1226 926 1377 989 manime⁸

287 1038 317 1094 in
338 1038 440 1096 oculos
461 1036 564 1095 incidit
586 1054 754 1105 consensus
777 1034 827 1110 qui
849 1035 946 1090 exstat
967 1032 1045 1090 inter
1066 1031 1193 1090 Dionem
1205 1034 1235 1089 et
1248 1030 1358 1088 Licini-

288 1156 386 1194 anum.
428 1135 492 1192 Iam
524 1154 614 1209 supra
645 1133 792 1209 apparuit,
821 1149 879 1189 non
901 1131 998 1188 solnm
1019 1149 1065 1188 res
1088 1129 1252 1188 simillimas
1274 1128 1359 1204 apud

288 1253 338 1293 eos
369 1233 482 1291 narrari
514 1232 565 1291 sed
596 1232 685 1290 etiam
717 1231 844 1288 alterum
866 1228 901 1285 ab
924 1228 1016 1286 altero
1038 1227 1158 1302 expleri,
1181 1227 1359 1302 itaque.eos

287 1333 369 1390 fonte
401 1330 550 1389 communi
577 1348 648 1387 usos
671 1347 733 1386 esse
756 1329 881 1385 constat.
924 1324 1154 1383 Similitudinem
1176 1343 1275 1382 rerum
1296 1328 1359 1382 tra·

288 1429 417 1487 diturum
448 1428 591 1503 prolixius
613 1427 702 1485 etiam
724 1424 877 1484 ostendere
899 1423 971 1480 nihil
993 1423 1109 1492 attinet,
1132 1422 1204 1481 satis
1227 1425 1272 1480 est
1294 1422 1358 1480 ani·

288 1526 471 1586 madvertero
493 1544 542 1584 eos
563 1543 786 1599 nonnumquam
808 1520 917 1579 eisdem
938 1520 1036 1579 verbis
1058 1520 1112 1578 uti.

469 1658 655 1718 Licinianus:
1006 1654 1169 1713 Diodorus:

292 1795 344 1847 ,ne
367 1775 583 1834 communicare
605 1774 724 1850 quidem
742 1793 810 1832 cum
836 1780 924 1849 „odra
953 1769 986 1833 δὲ
1015 1774 1048 1834 ἐν
1073 1779 1116 1853 τῲ
1141 1769 1227 1850 αὐτῷ
1253 1767 1359 1852 χωρίῳ

293 1893 344 1946 ,eo
366 1874 521 1932 consilium
537 1873 606 1931 belli
627 1873 746 1947 gerendi
759 1891 807 1931 vo·
834 1874 1003 1958 „poliente
1035 1887 1102 1938 οὔτε
1134 1900 1163 1937 τι
1195 1871 1359 1958 βούλευμα

292 1972 365 2044 ,luit
387 2017 393 2030 .
416 2018 422 2031 .
446 2018 452 2030 .
475 1991 570 2047 neque
582 1971 688 2030 adduci
699 1971 808 2046 potuit,
835 1984 963 2063 „mmm
987 1984 1189 2062 gumpffmjr

292 2089 377 2142 ,cnm
408 2088 467 2128 non
497 2070 593 2128 multo
621 2068 745 2141 abesset,
773 2072 808 2126 ut

292 2168 469 2241 ,exereitum
491 2168 655 2241 iungeret”.

329 2283 413 2342 Hanc
444 2283 633 2341 traditionem
665 2302 851 2344 communem
873 2289 973 2346 autem
994 2286 1097 2345 Dionis
1119 2289 1149 2345 et
1172 2286 1316 2344 Liciniani
1340 2307 1359 2344 a

290 2381 412 2439 Liviana
433 2385 606 2456 separatam,
629 2381 667 2438 ad
686 2379 859 2440 Posidonii
881 2384 1077 2443 imitationem
1100 2403 1287 2443 communem
1310 2403 1357 2442 re·

289 2482 364 2539 ferre
387 2485 509 2538 conatus
531 2484 576 2538 est
597 2480 787 2539 Dieckmann.
830 2482 887 2540 Sed
908 2486 1127 2557 argumentum,
1147 2501 1206 2557 quo
1218 2481 1272 2541 hos
1285 2501 1357 2540 auo·

290 2582 369 2638 tores
401 2579 528 2637 seiunxit
559 2598 576 2635 a
607 2578 728 2637 Liviana
758 2580 925 2652 traditione,
958 2599 1016 2639 non
1048 2581 1119 2639 satis
1149 2582 1267 2638 firmum
1289 2599 1357 2638 esse

290 2677 426 2748 videtur3
458 2676 564 2734 nititur
594 2677 644 2735 illo
676 2671 777 2736 ordine
798 2679 949 2753 peculiari,
978 2698 1037 2754 quo
1067 2680 1259 2754 imperatores
1281 2679 1358 2737 victi

291 2776 488 2845 nominantur,
521 2775 556 2833 de
588 2794 647 2850 quo
679 2795 768 2851 supra
799 2777 936 2836 vidimus.
979 2776 1101 2836 Rectius
1129 2778 1235 2853 opinor
1265 2777 1357 2835 hodie

291 2877 429 2932 statuunt
458 2873 514 2932 viri
546 2873 625 2931 docti
657 2874 737 2948 apud
757 2875 922 2933 Diodorum
944 2895 1097 2951 superesse
1118 2875 1245 2950 vestigia
1266 2875 1359 2933 tradi-

291 2972 379 3030 tionis
401 2971 552 3030 Posidonii
576 2973 606 3046 1).
649 2972 835 3048 Quamquam
857 2975 1040 3048 argumentis
1061 2974 1091 3031 id
1113 2974 1285 3033 confirmare
1297 2993 1359 3033 non

291 3069 482 3141 conabimur;
505 3090 605 3128 eures
628 3071 705 3128 enim
727 3071 864 3130 cohaeret
886 3091 953 3130 cum
974 3073 1147 3148 quaestione
1158 3072 1277 3147 longius
1291 3091 1359 3147 per·

288 3168 403 3239 tinenti,
433 3168 467 3227 de
490 3167 660 3227 auctoribus
682 3168 814 3240 Diodori,
836 3189 911 3244 quae
932 3170 1020 3244 longe
1042 3170 1156 3228 excedit
1176 3171 1248 3228 fines
1266 3169 1359 3227 huius

291 3267 509 3343 disputationis.
563 3267 640 3325 Satis
670 3267 754 3326 nobis
787 3268 824 3326 sit
845 3268 989 3327 indicasse
1011 3269 1101 3327 etiam
1121 3269 1151 3326 in
1172 3268 1227 3327 hac
1248 3269 1359 3344 exigua

290 3369 373 3441 parte
395 3385 493 3423 reruni
514 3364 723 3436 Romanarum,
747 3365 781 3423 de
803 3385 862 3440 qua
882 3385 960 3425 nunc
982 3366 1106 3441 agimus,
1128 3367 1358 3442 repugnantiam

291 3483 354 3522 esse
385 3463 462 3522 inter
492 3463 657 3521 Diodorum
689 3467 719 3521 et
749 3464 939 3522 traditionem
971 3463 1133 3535 Liuianum,
1166 3464 1247 3540 quod
1281 3465 1358 3523 infra

292 3562 499 3632 ostendemus3
532 3581 566 3619 ea
593 3562 789 3638 repugnantia
820 3563 900 3621 favet
921 3562 1053 3637 opinioni
1074 3562 1238 3621 Diodorum
1259 3564 1305 3622 his
1327 3564 1357 3621 in

291 3662 380 3720 rebus
402 3680 520 3738 quoque
542 3660 701 3720 Posidonio
722 3680 811 3719 usum
827 3680 898 3719 esse.
931 3661 1065 3737 Denique
1078 3662 1238 3721 Plutarcho
1250 3666 1357 3721 notum

293 3759 384 3817 fuisse
406 3778 481 3834 opus
504 3759 654 3818 Posidonii
676 3759 836 3818 ostendunt
857 3759 913 3817 loci
935 3758 987 3816 ubi
1008 3779 1076 3818 eum
1098 3760 1179 3817 citat.

332 3856 468 3915 Valerius
499 3857 605 3915 Antias
638 3857 747 3915 citatur
777 3857 856 3931 apud
885 3856 1032 3915 Orosium.
1081 3856 1153 3916 Eius
1174 3857 1264 3916 verba
1285 3858 1357 3916 haec

294 3959 363 4014 sunt
384 3955 421 4028 2);
447 3955 488 4026 ,si
510 3955 627 4031 quidem
650 3955 679 4012 in
701 3975 735 4013 ea
755 3972 857 4029 pugna
871 3954 909 4011 M.
923 3955 1063 4014 Aurelius
1077 3956 1239 4015 consularis
1252 3960 1356 4032 captus

294 4125 497 4133 ————..-

331 4245 348 4308 1)
366 4255 403 4300 De
422 4267 452 4300 ca
468 4267 495 4299 re
513 4254 566 4312 egit
583 4254 735 4301 Mfillenhoff
749 4254 878 4301 Deutsche
895 4255 1121 4303 Altcrtnmskunde
1133 4255 1167 4313 11,
1183 4269 1208 4315 p.
1225 4256 1272 4303 17⁷
1285 4268 1356 4315 sqq.;

296 4340 340 4385 cir.
358 4339 513 4385 Dicctmunu
531 4351 555 4396 p.
575 4340 614 4385 34.
635 4364 664 4370 -
685 4330 702 4392 2)
721 4341 793 4386 Oros.
812 4340 840 4397 V,
860 4341 899 4398 16,
917 4343 931 4385 2
951 4354 988 4400 sq.
