2916 5062
618 483 745 561 *84

192 649 300 710 llumen
334 652 501 726 occupavit.
544 650 602 709 Sed
631 672 647 708 a
675 651 806 710 barbaris
828 671 886 710 non
907 652 1062 710 lacessitus
1084 655 1189 710 eontra
1210 671 1261 710 eos

193 750 344 825 profectus
377 753 430 819 est,
460 749 540 824 quod
562 749 695 820 Noricos,
719 750 828 808 amieos
850 751 953 826 populi
975 750 1101 808 Romani
1122 750 1261 825 diripuis-

196 851 269 906 sent.
306 847 355 904 Illi
384 848 490 921 legatis
512 846 609 905 missis
644 847 801 906 Consulem
824 848 978 906 certiorem
991 849 1125 906 lecerunt
1136 867 1167 905 se
1181 847 1262 905 illius

193 945 339 1004 amicitiae
369 945 487 1019 ignaros
509 945 706 1004 incursionem
728 946 840 1015 fecisse,
863 946 914 1004 sed
936 946 1138 1020 inposterum
1163 966 1180 1002 a
1201 945 1262 1003 No·

192 1042 260 1102 ricis
293 1062 323 1101 se
355 1042 544 1100 abstenturos
576 1062 648 1100 esse.
703 1042 820 1112 Consul,
853 1043 958 1117 legatis
990 1061 1098 1117 magno
1131 1043 1263 1101 circuitu

178 1139 272 1198 abire
290 1140 388 1209 iussis
401 1160 435 1198 ex
447 1140 607 1215 improviso
620 1140 699 1216 apud
710 1140 849 1198 Noraiam
860 1141 964 1199 urbem
976 1140 1076 1200 hostes
1088 1159 1262 1216 aggressus

192 1257 299 1313 magna
321 1238 401 1297 clade
423 1242 544 1313 accepta
569 1239 657 1312 fugae
679 1258 710 1297 se
732 1239 828 1309 dedit3
850 1242 1027 1314 tempestate
1050 1258 1116 1297 cum
1139 1239 1260 1314 fragore

192 1337 358 1394 tonitmum
391 1339 492 1395 coorta
523 1337 668 1412 proelium
691 1336 817 1407 diremit,
840 1337 882 1394 ita
902 1340 938 1395 ut
958 1337 1047 1396 tertio
1069 1337 1115 1394 die
1138 1336 1262 1394 demum

193 1434 317 1492 Romani
349 1454 379 1492 se
411 1434 592 1508 colligerent.
634 1433 766 1505 Barbari,
799 1454 979 1511 quamquam
1013 1435 1068 1492 iter
1089 1434 1119 1491 in
1140 1434 1263 1492 ltaliam

193 1531 234 1590 eis
255 1532 438 1608 patefactum
461 1535 532 1603 erat,
555 1532 643 1590 ltalia
664 1533 772 1591 omissa
793 1533 823 1589 in
845 1531 970 1590 Galliam
991 1536 1192 1591 revertuntur.

233 1630 305 1688 lnde
336 1631 449 1688 factum
482 1634 526 1688 est
557 1634 592 1687 ut
612 1630 769 1705 peregrini,
792 1631 843 1706 qui
864 1630 1005 1706 proximis
1028 1629 1110 1688 annis
1133 1628 1263 1687 Galliam

192 1731 382 1804 peragrantes
404 1728 626 1803 popularentur,
648 1747 707 1786 non
728 1727 856 1786 Teutoni
877 1728 932 1786 soli
954 1730 1060 1798 essent,
1083 1727 1134 1785 sed
1148 1726 1263 1785 Cimbri

193 1829 222 1884 et
244 1825 379 1884 Teutoni,
421 1825 556 1900 Utroque
577 1825 694 1884 nomine
717 1825 874 1884 coniuncto
896 1844 1013 1900 semper
1033 1825 1130 1883 utitur
1142 1823 1260 1895 Caesar,

194 1942 261 1981 cum
293 1923 328 1980 da
360 1943 394 1980 ea
424 1942 455 1980 re
484 1922 555 1997 agit.
600 1922 666 1981 Non
698 1924 794 1981 solum
815 1923 845 1980 id
866 1923 938 1981 facit
959 1942 993 1982 eo
1014 1919 1089 1993 loca,
1111 1922 1165 1980 ubi
1188 1922 1262 1980 dicit

192 2021 363 2096 peregrinos
385 2021 451 2078 illos
477 2020 711 2103 „impedimentis
733 2021 794 2079 suis
816 2040 892 2096 quae
914 2038 1015 2078 secum
1038 2038 1123 2093 agere
1146 2039 1261 2094 aopor-

197 2133 275 2191 ,tare
297 2137 355 2176 non
376 2120 514 2193 poterant
536 2118 609 2175 citra
630 2119 738 2176 fiumen
760 2118 897 2176 Rhenum
916 2117 1069 2193 depositis
1092 2118 1261 2176 custodiam

196 2237 248 2290 ,ex
280 2216 340 2275 suis
373 2234 405 2274 aa
437 2215 617 2290 praesidium
646 2235 695 2274 sex
728 2216 809 2273 milia
829 2216 983 2274 hominum
1004 2235 1064 2273 una
1084 2215 1261 2292 reliquisse'’

194 2319 223 2374 et
255 2335 289 2373 ex
320 2314 376 2372 hoe
407 2313 563 2388 praesidio,
594 2333 661 2371 cum
691 2333 725 2372 ex
747 2333 781 2372 eo
802 2314 868 2372 loco
890 2333 1050 2388 numquam
1075 2312 1261 2384 decessisset,

193 2417 297 2490 postea
328 2416 424 2471 ortam
456 2431 518 2469 esse
551 2415 668 2486 gentem
691 2411 908 2470 Aduaticorum
929 2412 1087 2486 loe-umque
1110 2412 1262 2469 munitum

193 2514 289 2587 ipsum
313 2511 423 2568 factum
448 2528 510 2567 esse
531 2509 720 2567 Aduatucam
744 2511 782 2584 ¹):
811 2509 882 2567 haec
903 2509 994 2567 verba
1015 2508 1147 2567 Caesaris
1171 2509 1263 2567 etiam

195 2609 231 2666 ad
252 2608 381 2684 primum
403 2607 564 2665 adventum
586 2607 779 2665 barbarorum
801 2607 947 2682 pertinere
970 2607 1081 2665 clarum
1108 2611 1155 2665 est
1177 2620 1208 2664 et
1231 2607 1269 2664 ad
1297 2649 1301 2654 .

193 2707 224 2765 id
244 2710 371 2782 tempus,
402 2725 470 2764 cum
491 2705 608 2763 barbari
630 2726 647 2763 a
667 2705 768 2780 Belgis
790 2705 1028 2780 repulsarentur;
1051 2708 1115 2762 tum
1137 2724 1170 2763 re
1192 2724 1264 2762 vera

195 2805 305 2864 Cimbri
326 2824 357 2862 se
372 2804 503 2862 nondum
526 2824 542 2860 a
554 2803 695 2862 Teutonis
708 2807 923 2878 separaverant.
954 2802 1011 2860 Sed
1023 2803 1113 2861 etiam·
1124 2801 1160 2860 de
1172 2803 1263 2861 rebus

194 2908 299 2979 postea
330 2902 421 2978 gestis
450 2921 540 2976 agens
570 2900 675 2960 Caesar
708 2921 824 2976 semper
844 2905 987 2976 utrosque
1008 2901 1158 2971 nominat3
1181 2900 1264 2976 quod

195 3000 324 3061 ostendit
346 2999 479 3059 Cimbros
501 3003 572 3057 tunc
594 3019 608 3057 e
630 2999 739 3058 Norico
760 3018 894 3057 reversos
917 3018 946 3056 se
970 3017 1073 3056 rursus
1097 3018 1165 3056 cum
1187 2998 1264 3056 Teu·

194 3101 273 3159 tonis
307 3099 500 3158 coniunxisse.
544 3097 591 3156 Sic
618 3097 690 3155 dicit
715 3097 865 3169 ,Cimbros
888 3097 1118 3173 Teutonosque''
1142 3116 1263 3155 omnem

196 3197 318 3256 Galliam
342 3196 532 3272 occupavisse
554 3196 577 3268 2)
600 3199 629 3253 et
651 3194 800 3253 vexavisse
823 3194 864 3266 3);
887 3194 977 3252 cladis
1000 3198 1030 3252 et
1041 3194 1186 3269 miseriae,
1199 3194 1264 3269 qui-

194 3297 250 3354 bus
272 3296 303 3352 hi
323 3296 452 3353 latrones
475 3292 584 3351 Gallias
607 3293 776 3362 affecerunt,
799 3292 1026 3367 descriptionem
1050 3291 1132 3349 dedit
1155 3290 1265 3350 Caesar

195 3394 224 3451 in
256 3392 387 3452 oratione
420 3390 601 3465 Critognati:
638 3390 779 3460 ,maiores
811 3390 906 3449 nostri
932 3390 963 3446 in
984 3389 1094 3464 oppida
1117 3391 1265 3465 compulsi

198 3510 249 3564 ,ac
280 3491 368 3550 simili
399 3488 498 3564 inopia
529 3488 654 3547 subiecti
686 3506 789 3546 eorum
815 3487 997 3563 corporibus,
1031 3487 1084 3563 qui
1107 3490 1204 3546 aetate
1227 3487 1264 3544 ad

198 3590 326 3662 ,bellum
346 3587 466 3645 inutiles
488 3585 673 3657 videbantur,
695 3586 788 3644 vitam
809 3587 1041 3644 tole1·averunt”.
1054 3586 1079 3658 4)

235 3687 289 3745 His
320 3686 409 3744 rebus
441 3685 533 3759 igitur
564 3685 702 3759 occupati
729 3682 846 3742 barbari
878 3683 1061 3759 aliquamdiu
1083 3703 1100 3740 a
1121 3683 1263 3743 Romanis

195 3784 370 3846 lacessendis
392 3782 613 3853 abstinuerunt;
635 3802 739 3857 nempe
762 3782 905 3858 quamdiu
927 3780 1022 3839 Callia
1044 3781 1115 3839 satis
1137 3782 1262 3856 praedae

195 3886 237 3944 eis
258 3880 427 3959 praebebat,
449 3880 531 3938 annis
556 3879 770 3938 1120-10911111.
803 3879 861 3938 Sed
873 3898 948 3937 anno
963 3878 1033 3937 1090
1044 3878 1154 3949 hostes,
1170 3877 1262 3937 Gallia

196 3982 362 4059 peragrata,
385 3977 421 4035 ad
442 3978 514 4035 fines
536 3977 629 4052 ipsius
651 3977 819 4052 provinciae
841 3977 991 4036 Romanae
1012 3980 1212 4052 pervenerunt
1241 3975 1260 4048 ).

195 4149 398 4162 ,,.-.....-

232 4254 250 4317 ¹]
269 4263 339 4308 Caes.
357 4260 386 4306 a.
406 4260 435 4305 a.
453 4260 487 4316 11,
505 4261 544 4316 aa,
564 4260 586 4309 a.
607 4283 635 4293 -
658 4250 675 4313 l)
695 4260 759 4306 raia.
779 4260 800 4315 1,
820 4259 860 4316 aa,
878 4259 901 4304 4.
922 4283 950 4292 -
975 4249 993 4312 ³]
1010 4257 1076 4303 raia.
1095 4257 1129 4315 n,
1150 4261 1173 4317 r,
1196 4256 1259 4315 231,

197 4348 237 4406 aa,
257 4349 278 4394 a.
300 4371 327 4379 -
350 4336 369 4404 ⁴)
389 4344 454 4389 iaia.
473 4345 527 4402 vn,
551 4345 589 4401 rr,
610 4345 763 4390 12—14.—
785 4335 803 4398 ὅ)
822 4344 887 4389 ram.
906 4343 926 4401 1,
945 4344 985 4400 40,
1005 4344 1027 4389 5.
