2916 5062
719 454 738 512 8

193 633 261 672 rum
272 615 470 674 cantatatores
483 616 576 685 crant,
588 614 719 674 severius
731 613 841 686 vestiti;
854 614 1019 686 discrimen,
1031 616 1112 691 quod
1122 615 1199 675 inter
1210 636 1261 676 eos

194 721 224 777 et
246 707 417 792 λασιῳδούς
438 721 510 789 erat,
533 738 600 777 cum
623 717 828 793 discrepantia,
851 737 926 794 quae
948 719 1025 777 inter
1035 719 1218 794 tragoediam
1231 723 1262 780 et

194 825 375 884 comoediam
384 823 526 895 exstabat,
536 822 759 899 comparaturll.
773 823 821 882 Sic
831 811 1033 896 ilanptotve]
1042 812 1260 896 etppdotmare

194 925 246 980 aut
263 922 372 981 femina
389 923 483 998 lyram
502 922 590 980 simul
607 921 745 997 pulsante
764 921 915 997 canebant,
928 922 1051 981 candida
1062 926 1144 983 veste
1156 922 1261 982 induta

194 1040 313 1079 auream
324 1022 475 1095 gestantes
487 1038 635 1090 coronam,
647 1019 717 1078 olim
731 1019 850 1095 quidem
863 1020 967 1078 calceis
975 1024 1079 1095 postea
1087 1040 1156 1080 vero
1165 1021 1259 1080 soccis

193 1127 249 1198 nsi,
272 1127 339 1185 dein
360 1144 410 1184 eos
432 1130 534 1201 gestus
557 1124 699 1184 obscenos
722 1145 780 1184 non
800 1127 895 1201 egisse
913 1126 1103 1186 observatum
1120 1130 1165 1186 est
1185 1120 1259 1202 (,,οὐ

194 1221 404 1308 σχινίζεταδ)
417 1221 453 1307 2).
479 1219 638 1304 Μαγῳδοὶ
660 1234 762 1290 contra
773 1232 931 1307 tympanis,
945 1232 1087 1308 cymbalis
1103 1232 1258 1308 omnisque

193 1331 309 1406 generis
320 1330 499 1390 ornamentis
509 1329 703 1388 muliebribus
710 1329 758 1389 usi
766 1349 829 1389 esse
838 1331 1006 1403 traduntur,
1014 1350 1068 1390 nec
1075 1334 1174 1390 tamen
1181 1334 1258 1407 tym-

192 1449 269 1506 pana
290 1432 320 1488 et
342 1429 475 1505 cymbala
490 1429 654 1487 necessaria
664 1428 755 1487 firisse
768 1428 946 1488 credendum
957 1432 1010 1488 est.
1033 1429 1073 1487 Hi
1084 1429 1258 1488 administro

193 1527 292 1604 aliquo
313 1526 387 1586 tibia
408 1527 576 1587 succinente
599 1526 742 1585 canebant
764 1530 793 1585 et
814 1527 970 1599 saltabant,
993 1528 1098 1587 calceis
1119 1531 1149 1586 et
1165 1528 1259 1587 soccis

194 1627 258 1688 τῶν
282 1623 428 1706 σιμῳδῶν
455 1651 514 1691 non
545 1631 593 1690 usi
614 1630 651 1704 8);
684 1631 785 1707 itaque
807 1651 855 1691 eos
876 1632 1048 1708 planipedes
1069 1632 1160 1691 fuisse
1182 1632 1259 1692 veri-

193 1739 287 1799 simile
309 1741 362 1798 est.
384 1738 590 1808 Aristoxenus,
613 1736 702 1795 etiam
723 1737 815 1795 altero
827 1737 995 1797 discrimine
1005 1739 1083 1797 inter
1093 1728 1259 1812 μαγῳδοδς

193 1847 223 1902 et
246 1832 417 1916 λυσιῳδοδς
436 1843 525 1912 facte,
546 1841 613 1899 illos
634 1842 697 1898 tam
718 1839 849 1899 virorum
872 1861 961 1917 quam
978 1843 1137 1901 mulierum
1147 1846 1258 1919 partae,

194 1941 248 2000 hos
276 1943 434 2001 mulierum
455 1943 573 1999 tantum
594 1939 649 1997 sub
671 1957 797 2013 persona
817 1939 895 1999 virili
917 1941 1056 1999 cecinisse
1078 1943 1258 2012 auctorest,

194 2043 324 2099 ceterum
355 2043 499 2115 utrosque
531 2037 633 2096 eadem
665 2036 793 2095 carmina
824 2041 854 2096 et
884 2038 998 2114 reliqua
1026 2039 1124 2097 omnia
1152 2038 1260 2097 similia

193 2137 340 2197 habuisse.
383 2138 546 2197 Aristocles
577 2152 647 2195 vero
678 2154 714 2193 ne
735 2134 791 2194 hoc
813 2136 933 2211 quidem
955 2136 1112 2194 discrimen
1132 2136 1203 2195 fecit
1224 2137 1258 2211 4),

195 2243 273 2300 certe
295 2240 432 2300 mulieres
444 2238 575 2317 lysiodae
593 2238 858 2314 etiamfueruntl).
880 2239 991 2299 Eorum
1006 2235 1040 2294 τὸ
1059 2232 1258 2317 excutiendae

194 2344 348 2421 proprium
370 2348 441 2402 erat.
473 2345 517 2403 De
539 2332 697 2416 μαγῳδῶν
712 2343 877 2403 actionibus
889 2345 1060 2404 Athenaeus
1071 2345 1128 2405 hoc
1139 2364 1259 2422 quoqne

193 2449 316 2508 tradidit
347 2448 439 2525 (quod
461 2449 550 2506 etiarn
572 2448 607 2507 de
631 2436 773 2521 λοῦοωδῴ
795 2451 901 2524 valet):
927 2441 1120 2526 ,optatiani
1147 2466 1179 2505 τε
1204 2443 1258 2503 καὶ

199 2549 324 2624 ,πάντα
364 2551 451 2607 ποιεῖ
486 2547 525 2606 τὰ
564 2544 623 2619 ἔξω
655 2549 782 2622 κόσμου,
820 2549 1065 2630 ὐποκρινόμενός
1094 2572 1169 2610 ποτε
1199 2551 1257 2628 μὲν

199 2656 374 2732 ,γυναῖκας
409 2653 462 2712 καὶ
497 2654 626 2737 perperis
661 2653 713 2713 καὶ
748 2658 957 2734 μαστροπούς,
991 2657 1066 2717 ποτὲ
1092 2653 1125 2717 δὲ
1155 2653 1259 2736 ἄνδρα

199 2761 379 2838 „paduensa
418 2760 471 2820 καὶ
512 2759 562 2820 ἐπὶ
609 2776 713 2838 κῶμον
759 2765 1035 2841 παραγιγνόμενον
1078 2763 1154 2844 πρὸς
1199 2765 1257 2842 τὴν

199 2861 408 2946 „tenselva”
422 2872 453 2946 6).
477 2872 563 2941 Quod
574 2871 747 2930 Latinorum
761 2875 946 2932 cantatorum
957 2893 1051 2949 genus
1063 2894 1131 2934 cum
1145 2874 1257 2934 Graeco

196 2966 341 3052 λυσιῳδῷ
370 2977 496 3035 maxime
528 2976 698 3051 congruerit
719 2980 772 3035 aut
793 2978 876 3036 cuius
898 2977 1072 3037 Latinorum
1094 2979 1257 3037 carminum

195 3082 310 3160 generis
335 3080 461 3152 fabulae,
483 3100 557 3157 quas
580 3073 610 3134 oi
633 3070 789 3155 λασιῳδοὶ,
814 3081 1126 3155 agebant,aimillimae
1137 3081 1257 3153 fuerint,

195 3181 320 3242 dubium
350 3199 409 3239 non
441 3181 501 3250 est;
530 3178 647 3239 fabulae
675 3180 774 3240 Sullae
795 3199 914 3257 quoque
936 3180 1049 3240 adhoc
1070 3199 1163 3256 genus
1185 3180 1258 3239 refe·

196 3466 307 3514 carmina
324 3465 426 3511 aliunde
443 3464 525 3525 ignoti
542 3455 688 3516 μελοποιοῦ
706 3458 799 3507 Λῦσον
818 3465 957 3523 cniusdam,
973 3467 1016 3525 qui
1026 3468 1086 3525 post
1094 3466 1190 3512 Simum
1199 3466 1257 3524 fuit,

196 3551 312 3611 agebant,
340 3545 439 3603 (Strabo
457 3548 474 3595 l.
502 3544 541 3603 c).
568 3549 605 3595 De
631 3549 702 3596 vocis
719 3542 863 3606 ‘appete’
885 3550 1095 3611 interpretatione
1112 3551 1258 3598 Athenaeus

195 3633 269 3693 (XIV,
285 3648 310 3695 p.
330 3629 406 3688 621d)
424 3634 488 3680 mira
505 3637 607 3692 narrat;
625 3647 675 3681 vox
699 3636 731 3681 ad
749 3649 794 3682 eos
811 3636 1000 3694 significandos,
1018 3636 1062 3696 qui
1079 3637 1112 3683 ad
1127 3628 1258 3695 ptyade,

196 3712 281 3762 aaron
301 3719 356 3767 sive
374 3719 453 3766 tibine
470 3732 559 3777 genus,
577 3719 609 3765 de
627 3732 676 3779 quo
695 3720 840 3767 Athenaeus
858 3717 908 3777 (IV,
926 3735 950 3780 p.
969 3722 1015 3768 182
1026 3717 1051 3775 d]
1059 3721 1123 3768 satis
1132 3722 1259 3780 exposuit,

197 3806 229 3854 ad
253 3803 448 3852 similitudinem
474 3804 542 3858 facta
567 3816 624 3850 esse
650 3804 759 3851 vidntur.
796 3830 826 3838 —
864 3797 881 3860 1)
908 3806 999 3853 Athen.
1017 3806 1081 3863 XIV,
1106 3818 1131 3865 p.
1151 3807 1259 3854 calcet

197 3891 264 3937 eald
289 3885 465 3945 (Aristoxenus
491 3886 536 3945 ait)
563 3885 629 3947 ,μὴν
656 3882 704 3942 μέν
730 3881 878 3950 ἱλαρῳδίαν
904 3884 1001 3946 σεμνὴν
1019 3869 1099 3932 οὖσαν
1116 3885 1190 3950 παρὰ
1206 3886 1258 3948 τὴν

195 3967 351 4036 τραγῳδίαν
365 3959 445 4033 εἶναι,
462 3971 513 4032 τὴν
532 3967 562 4016 δὲ
589 3968 732 4032 μαγῳδίαν
749 3970 823 4035 παρὰ
840 3970 890 4033 τὴν
909 3968 1073 4032 cerneretur&
1085 4001 1116 4009 -
1128 3969 1146 4033 2)
1164 3977 1257 4025 Athen,

195 4061 260 4117 xiv,
277 4073 302 4120 p.
321 4061 367 4105 621
387 4060 410 4106 b.
430 4083 461 4092 -
481 4052 499 4115 ³]
517 4061 608 4108 arhen.
635 4063 676 4119 vr,
697 4075 722 4121 p.
742 4063 788 4108 252
808 4076 828 4108 e.
847 4086 878 4094 -
906 4052 925 4116 4)
943 4061 1035 4109 Arnen.
1052 4063 1116 4120 xrv,
1133 4075 1158 4122 p.
1177 4065 1259 4110 ανον

197 4139 260 4203 ,μὸν
288 4135 336 4196 μὲν
364 4136 478 4204 ἀνδρεῖα
506 4141 551 4186 καὶ
577 4145 718 4201 γυναικεῖα
735 4139 861 4206 πρόσωπα
898 4137 1105 4207 ὑντοκρννόμενον
1131 4139 1258 4204 μαγῳδὸν

198 4220 368 4288 ηκαλιῖσθαν,
384 4222 432 4271 τὸν
450 4221 481 4270 δὲ
500 4230 641 4286 γυναικεῖα
657 4223 793 4290 ἀνδρείοις
817 4223 962 4288 λνσιρνδόν.
981 4265 987 4279 .
1005 4231 1030 4279 .”
1050 4258 1078 4265 -
1092 4223 1110 4287 ⁵)
1127 4232 1219 4280 Athen.
1229 4234 1258 4293 V,

196 4329 221 4378 p.
239 4316 286 4363 211
306 4329 327 4371 c,
347 4340 375 4351 -
397 4305 416 4372 ⁶)
433 4315 524 4365 Athen.
542 4317 606 4376 XIV,
623 4330 648 4381 p.
667 4317 714 4364 621
734 4329 756 4364 c.
