2916 5062
643 473 663 532 9

117 633 224 693 rendae
246 652 308 692 esse
329 633 476 693 videntur.
500 633 645 693 Oscorum
665 634 873 694 Atellanorum
894 633 942 693 hic
963 633 1068 711 utique
1085 636 1185 695 nullus

119 752 215 792 sermo
237 751 300 791 esse
321 735 436 808 potest3
458 732 517 791 iam
539 731 575 790 ab
596 732 681 792 initio
703 733 858 792 Atellanae
877 732 981 792 averis
992 732 1185 793 histrionibus

117 849 177 891 non
208 830 388 906 agebantur3
423 834 542 890 etcum
564 851 581 889 a
603 831 702 889 Sullae
724 834 820 890 aetate
841 831 872 888 in
893 849 997 890 scaena
1018 831 1184 905 ederentur,

118 931 265 988 certarum
287 947 481 1004 personarum
502 947 609 1005 magna
632 932 750 988 caterva
771 928 968 988 inducebatur
990 929 1022 1004 1).
1061 930 1184 990 Fescen-

117 1027 179 1085 nini
199 1046 303 1086 versus
325 1048 342 1085 a
362 1027 496 1086 Romana
517 1044 622 1085 scaena
644 1026 763 1086 omnino
785 1026 872 1085 alieni
893 1029 976 1086 erant
997 1028 1029 1101 2).
1060 1028 1184 1087 Saturae

116 1124 262 1201 principio
294 1144 311 1182 a
341 1125 440 1183 mimis
472 1124 591 1184 omnino
622 1143 681 1184 non
713 1125 895 1200 discrepasse
926 1125 1079 1198 videntum
1116 1145 1184 1185 cum

117 1222 284 1298 discrepare
306 1222 481 1298 coepissent,
504 1226 621 1282 saturae
644 1223 773 1282 carmina
794 1226 886 1294 erant,
909 1242 984 1298 quae
1006 1223 1042 1281 ad
1060 1224 1184 1296 litteras

117 1339 177 1379 non
210 1321 247 1379 ad
275 1341 392 1380 scenam
412 1320 610 1398 pertinebant,
633 1322 732 1397 qualia
753 1323 837 1380 erant
857 1321 952 1392 Ennii,
975 1321 1091 1393 Lucilii,
1112 1323 1185 1381 Var-

42 1405 46 1414 ’
117 1419 207 1491 ronta,
229 1419 357 1490 Horatii,
380 1419 515 1491 aliorum,
538 1439 613 1495 quae
636 1420 746 1495 scripta
759 1419 942 1494 legebantur.
965 1419 1068 1478 Solum
1081 1439 1185 1495 genus,

118 1516 154 1574 do
183 1535 242 1592 quo
273 1517 328 1575 hac
349 1517 379 1575 in
400 1537 431 1576 re
453 1537 470 1576 a
490 1516 575 1576 nobis
599 1517 723 1594 cogitari
743 1520 853 1593 potest,
876 1521 922 1577 est
942 1517 1111 1590 mimorum,
1133 1519 1185 1595 qui

119 1615 178 1674 iam
213 1615 430 1691 antiquioribus
461 1615 648 1692 temporibus
680 1616 710 1673 iu
742 1634 877 1674 scaenam
908 1616 1072 1675 Romanam
1104 1617 1187 1677 ducti

122 1714 192 1772 sunt
220 1716 250 1772 et
275 1731 403 1791 quorum
424 1714 524 1789 partes
546 1712 583 1771 ab
603 1713 798 1772 histrionibus
820 1713 985 1789 agebantur
1005 1714 1038 1789 3).
1081 1714 1186 1774 Omnia

120 1816 191 1887 fere,
218 1837 293 1892 quaa
328 1818 364 1876 de
401 1807 568 1892 λυσιῳδοῖς
604 1817 753 1889 dicuntur,
782 1817 872 1876 etiam
909 1818 939 1875 in
970 1817 1024 1878 hos
1056 1818 1185 1878 cadunt:

119 1915 260 1990 primum,
283 1916 364 1992 quod
385 1917 422 1975 ad
443 1917 548 1976 tibiam
570 1915 714 1975 canebant
735 1919 765 1974 et
780 1915 942 1988 saltabant3
968 1953 1002 1960 -
1016 1916 1092 1989 dein,
1105 1918 1185 1993 quod

120 2016 224 2087 gestus
254 2013 396 2073 obscenos
418 2014 546 2091 agebant
566 2015 606 2089 4);
631 2035 665 2057 ⁴—
689 2013 787 2085 tertio,
810 2014 890 2090 quod
911 2015 1070 2074 excalceati
1089 2016 1185 2091 planis

120 2110 151 2182 (i.
164 2130 188 2168 e.
211 2111 310 2186 nudis)
331 2112 457 2187 pedibus
480 2116 571 2185 erant,
593 2113 671 2170 unde
692 2113 801 2171 mimus
823 2113 912 2171 etiam
932 2109 1088 2189 ‘planipes'
1110 2113 1185 2172 dice·

120 2208 259 2283 batnr⁶);
284 2246 318 2253 -
342 2213 458 2286 quarto,
477 2211 566 2287 quod,
588 2213 624 2270 ut
644 2211 782 2269 mulieres
804 2210 945 2286 lysiodae,
968 2211 1057 2270 etiam
1078 2212 1184 2270 mimae

121 2309 205 2365 erant
227 2308 268 2381 6);
300 2344 334 2351 —
365 2309 479 2385 quinto,
509 2309 589 2386 quod
610 2328 687 2367 unus
709 2311 826 2367 tantum
848 2329 863 2367 e
884 2327 975 2384 grege
996 2309 1186 2368 archimimus

120 2404 239 2463 nomine
259 2406 370 2481 primas
391 2410 491 2483 partes
513 2407 629 2483 agebat,
651 2426 739 2482 quem
760 2426 838 2466 unus
859 2409 977 2465 tantum
991 2407 1186 2466 secundarum

119 2502 251 2576 partium
274 2506 356 2563 actor
378 2504 577 2564 comitabatur
599 2504 637 2579 7);
661 2540 696 2547 —-
720 2507 812 2575 sexto,
828 2505 910 2580 quod
925 2505 1088 2563 carminum
1099 2523 1185 2580 argn-

119 2602 253 2658 mentum
275 2605 306 2660 et
326 2620 420 2677 genus
442 2622 476 2662 eo
497 2605 616 2662 tantum
638 2602 821 2678 spectabant,
834 2610 869 2662 ut
880 2603 974 2662 risum
987 2603 1184 2677 moverent8),

120 2697 159 2755 ad
180 2718 269 2774 quem
290 2700 466 2760 eliciendum
487 2701 570 2760 mimi
590 2704 730 2760 notorum
751 2701 905 2761 hominum
917 2704 946 2760 et
956 2720 1056 2760 rerum
1071 2701 1186 2761 cavilla·

119 2796 251 2856 tionibus
279 2799 441 2859 utebantur
473 2799 504 2874 9).
547 2801 611 2859 Hac
643 2818 762 2875 quoque
794 2800 824 2858 in
856 2820 887 2858 re
915 2800 1035 2858 tandem
1055 2800 1133 2858 inter
1153 2820 1184 2859 se

120 2906 299 2976 congruunt,
321 2903 402 2979 quod
423 2904 531 2964 mimus
552 2908 588 2964 ut
611 2894 762 2978 λυσιῳδὸς
781 2907 881 2981 partes
902 2907 964 2963 tam
984 2905 1063 2963 inter
1083 2924 1184 2963 cenam

120 3019 211 3074 quam
231 3000 349 3075 publice
370 3001 400 3059 in
421 3002 538 3062 theatro
560 3003 667 3079 agebat
689 3004 735 3079 1ο).
757 3003 885 3062 Habitus
897 3005 1015 3062 tantum
1026 3002 1185 3062 mimorum

157 3220 174 3284 ¹)
200 3229 256 3277 Liv.
274 3231 329 3288 VII,
347 3233 369 3288 2,
389 3233 418 3277 12
447 3233 532 3292 ,quod
548 3246 630 3292 genus
647 3234 765 3280 ludorum
788 3233 924 3282 inventus.
935 3267 941 3280 .
952 3245 1030 3281 ..nec
1048 3234 1079 3281 ab
1097 3231 1185 3280 histri·

122 3313 230 3370 „onibns
246 3315 328 3375 pollui
345 3328 421 3375 passa
440 3315 503 3374 est'';
523 3317 573 3364 Otr.
592 3318 689 3365 renuet
707 3319 798 3365 Gesch.
818 3319 841 3365 d.
851 3319 923 3366 cum.
932 3319 995 3366 Litt.
1004 3332 1029 3379 p.
1041 3320 1079 3376 13,
1090 3330 1143 3377 sqq.
1155 3343 1184 3352 —

123 3389 256 3453 ²)Teuffel
274 3399 308 3446 l.l.
325 3413 350 3460 p.
370 3403 392 3448 5.
425 3426 455 3434 —
485 3393 503 3456 ³]
522 3403 615 3449 Festus
631 3417 656 3463 p.
676 3405 741 3461 326;
759 3404 782 3450 is
800 3406 925 3451 memorat
943 3404 974 3450 ad
992 3416 1085 3451 annum
1102 3404 1185 3449 211um

122 3483 285 3538 „libertinum
302 3485 408 3531 mimum
426 3499 517 3546 magno
536 3489 605 3544 natu,
623 3488 667 3547 qui
685 3488 717 3534 ad
734 3487 866 3535 tibicinem
884 3486 1015 3544 saltaret”;
1033 3486 1184 3534 cfr.Teuffel

119 3580 144 3626 p.
165 3570 187 3624 8,
206 3570 228 3614 2.
248 3594 279 3601 —
298 3561 317 3624 ⁴)
343 3570 444 3628 Festus,
470 3585 495 3630 p.
525 3574 590 3618 326:
620 3573 753 3628 „solebant
770 3573 811 3620 his
830 3569 907 3628 (ludis
926 3568 1059 3632 scoenicis)
1079 3571 1183 3631 prodire

122 3652 209 3708 „mimi
226 3652 252 3699 in
270 3654 456 3713 Orchaestram,
475 3656 535 3702 dnm
554 3656 581 3702 in
599 3670 690 3703 scaena
708 3659 779 3704 actus
795 3658 895 3704 fabulae
906 3659 1117 3715 componerentur
1126 3669 1182 3702 cum

122 3737 253 3794 „gestibus
271 3739 430 3786 obscaenis.”
449 3767 478 3775 -
509 3732 527 3795 ⁶)
545 3741 660 3788 Diomod.
686 3744 709 3799 3,
727 3755 752 3802 p.
771 3744 819 3788 490
837 3742 894 3789 Keil
913 3742 986 3799 „ideo
1004 3743 1088 3787 antem
1106 3741 1186 3788 latine

122 3813 273 3881 „‘planipes’
300 3823 394 3870 dicitur
418 3821 540 3882 (mimus),
557 3827 627 3886 quod
645 3827 774 3873 actoribus
791 3826 900 3887 pedibus
916 3827 1008 3886 planis,
1027 3827 1043 3873 i.
1062 3841 1083 3872 e.
1101 3826 1185 3883 nudis,

121 3907 298 3965 „proscenium
325 3908 468 3966 introirent,
495 3924 545 3956 non
564 3913 592 3956 nt
609 3911 700 3969 tragici
717 3913 816 3958 actores
833 3925 889 3957 cum
908 3911 1040 3958 cothurnis
1057 3924 1138 3970 neque
1156 3913 1184 3957 nt

122 3991 229 4047 „comici
256 4006 313 4038 oum
331 3992 438 4040 soccis”.
458 4019 489 4027 —
509 3987 528 4049 ⁶)
546 3996 642 4042 'Penffel
666 4010 690 4055 p.
711 3997 750 4053 12,
768 3998 799 4042 8:
819 3997 896 4052 „Sunt
913 3996 1055 4043 Arbuscula
1071 3992 1132 4050 (cio.
1151 3996 1183 4049 ad

122 4077 189 4132 „Att
215 4077 280 4134 XIV,
300 4074 348 4134 15),
365 4078 475 4125 Lucceio
493 4076 567 4134 (Prin.
585 4081 640 4137 VII,
660 4077 724 4138 158),
743 4080 867 4139 Cytheris,
886 4079 974 4127 aliae'’.
994 4106 1023 4114 -
1051 4071 1069 4134 ⁷)
1087 4082 1183 4127 Teuffel

119 4161 168 4207 l.c.
186 4175 211 4220 p.
232 4162 270 4219 11,
288 4163 309 4209 7.
330 4187 360 4194 —
389 4154 408 4217 ⁸)
425 4164 513 4210 Horat.
541 4165 592 4211 Sat.
620 4166 641 4222 I,
661 4166 700 4222 10,
719 4167 741 4222 6,
759 4176 814 4224 sq.;
831 4165 876 4212 cfr.
894 4165 990 4212 Teuffel
1008 4179 1032 4224 p.
1052 4166 1091 4222 10,
1109 4167 1132 4213 2.
1152 4190 1182 4198 -

122 4237 141 4299 9)
160 4244 210 4292 Gir.
230 4241 304 4301 [Cic]
324 4247 356 4293 ad
372 4247 491 4307 Hereum,
510 4249 530 4307 Ι,
550 4250 589 4308 14,
607 4252 647 4308 24,
665 4251 699 4308 ΙΙ,
719 4249 757 4308 13,
777 4250 815 4296 19.
829 4275 858 4284 -
881 4241 911 4306 ¹⁰)
920 4250 1011 4296 Athen.
1022 4251 1051 4308 V,
1060 4264 1084 4312 p.
1095 4251 1142 4297 211
1154 4263 1183 4309 ο;

119 4329 186 4379 Plnt.
205 4329 258 4380 Snll
275 4333 289 4380 2
308 4332 334 4380 et
351 4333 390 4380 36.
463 4373 465 4378 Α
