2916 5062
629 479 666 542 73

101 635 149 701 eo
179 664 279 703 rerum
308 633 451 718 scriptore
483 643 620 713 Marium,
643 645 677 700 ut
698 641 826 713 videtur,
849 641 948 701 debita
968 642 1056 701 laude
1078 641 1180 700 sedulo

98 745 251 800 ornatum
274 760 337 800 esse
360 744 535 821 argumento
555 743 624 798 sunt
642 740 714 798 haec
735 739 869 798 Sallustii
887 740 976 799 verba
988 740 1059 816 ,sed
1070 740 1181 798 Marius

102 837 260 914 „impigre
288 838 509 914 prudenterque
541 856 663 895 suorum
685 841 716 895 et
736 837 868 895 hostiurn
889 857 936 896 res
957 837 1068 913 pariter
1089 840 1181 894 atten-

101 935 203 1003 „dere
226 981 232 994 .
257 981 262 994 .
288 940 314 994 .”
337 955 361 994 e.
374 952 401 1010 q.
416 955 438 994 s.
453 936 494 1009 ¹);
517 934 583 993 dein
605 933 711 1006 mox2)
733 934 858 992 nefanda
878 935 1009 1009 perfidia,
1037 951 1096 1008 qua
1116 934 1181 992 isin

93 1034 218 1092 urbem
251 1033 376 1109 (lapsam
407 1053 480 1092 usus
513 1036 566 1102 est,
595 1032 638 1090 rei
666 1032 795 1090 utilitate
818 1036 992 1103 excusatum
1014 1034 1181 1107 postremo:

98 1130 276 1200 „Marius”,
309 1131 359 1199 ait,
395 1176 429 1202 ,.
453 1176 459 1188 .
482 1175 488 1189 .
512 1149 638 1205 maguus
671 1134 700 1188 et
733 1130 830 1188 clarus
863 1133 949 1188 antea
977 1130 1072 1188 maior
1092 1132 1181 1204 atque

97 1229 241 1296 „clarior
271 1228 373 1287 heberi
406 1229 504 1303 coepit
535 1273 541 1286 .
565 1273 571 1286 .
595 1232 632 1285 .’'
661 1247 686 1285 e.
699 1244 726 1302 q.
741 1246 763 1286 s.
806 1227 961 1286 Accedunt
985 1227 1058 1285 haec
1086 1226 1183 1286 Orosii

91 1326 220 1385 verba:
257 1327 393 1398 ,tandem
423 1326 535 1385 Marius
568 1326 671 1384 consul
702 1325 773 1383 forti
795 1325 999 1400 desperatione
1021 1324 1084 1399 spei
1104 1324 1182 1382 viam

96 1423 223 1492 „fecit”
245 1424 280 1496 3).
322 1424 461 1483 Alterum
482 1424 569 1481 Marii
589 1424 702 1482 factum
725 1443 741 1481 a
758 1423 899 1481 Sallustio
916 1423 1098 1498 pragmatico
1116 1440 1181 1496 pro·

92 1518 222 1594 ditum,
254 1521 433 1598 expugnatio
463 1521 576 1580 castelli
603 1521 640 1578 ad
661 1521 850 1579 Muluccham
872 1519 922 1578 siti
942 1520 976 1593 4),
999 1519 1036 1577 ad
1057 1518 1182 1578 eundem

93 1624 268 1680 auctorem
289 1620 414 1679 fortasse
436 1619 637 1678 reducendum
658 1622 712 1678 est.

152 1717 197 1776 At
228 1718 259 1775 id
289 1718 456 1776 meminisse
489 1716 639 1787 debemus,
664 1717 776 1774 Sullam
797 1717 896 1791 ipsum
918 1720 1065 1775 extremae
1088 1735 1181 1791 oppu-

98 1815 250 1888 gnationi
281 1815 459 1885 interfuisse,
492 1815 584 1873 situm
617 1814 739 1885 castelli,
771 1814 903 1873 lahorem
931 1814 1050 1890 Liguris
1071 1814 1182 1882 militis,

101 1914 197 1988 quod
230 1918 319 1988 caput
350 1879 525 1971 narratidnis
558 1917 612 1983 est,
641 1915 748 1971 testem
770 1913 921 1971 oculatum
944 1913 1127 1987 cognovisse,
1149 1915 1183 1969 ut

90 2029 165 2070 -eae
198 2030 244 2070 res
270 2028 362 2086 aeque
384 2011 457 2069 bene
479 2030 513 2068 ex
535 2011 597 2069 eius
620 2011 844 2070 Commentariis
866 2011 1036 2086 provenisse
1057 2010 1182 2086 possint.

103 2105 229 2168 Deinde
262 2109 342 2184 quod
375 2109 411 2167 ad
433 2108 566 2167 Sallustii
586 2109 785 2166 narrationem
806 2109 944 2184 pertinet,
967 2107 1183 2167 observandum

106 2211 161 2266 est
193 2227 261 2266 eum
292 2208 377 2266 illum
408 2207 530 2278 fontem,
560 2223 619 2281 quo
648 2207 734 2265 Marii
754 2226 801 2266 res
823 2211 924 2282 gestae
946 2207 1181 2276 continebantur,

107 2309 276 2381 postquam
306 2309 424 2381 praeter
456 2305 709 2380 oppugnationem
742 2303 853 2380 Capsae
883 2309 913 2363 et
934 2305 1182 2380 expugnationem

109 2403 228 2462 castelli
249 2404 321 2461 nihil
343 2403 423 2461 aliud
444 2422 479 2461 ex
500 2422 534 2461 eo
556 2403 664 2473 hausit,
686 2402 805 2459 iamiam
826 2403 990 2476 neglexisse
1012 2406 1042 2460 et
1062 2401 1182 2461 tandem

114 2501 167 2559 alii
198 2502 313 2559 auctori
338 2505 437 2559 totum
459 2520 489 2559 se
512 2500 635 2571 dedisse,
658 2500 700 2557 ita
720 2503 755 2558 ut
776 2519 822 2558 res
845 2521 861 2558 a
882 2500 975 2559 Mario
997 2503 1098 2574 gestae
1120 2518 1182 2557 sen·

115 2599 172 2657 sim
204 2599 408 2674 paulatimque
439 2599 677 2674 reprimerentur.
722 2597 784 2655 lam
816 2618 858 2669 ea,
885 2614 961 2672 quae
983 2599 1094 2657 Marius
1115 2616 1183 2656 vere

116 2697 185 2754 anni
208 2697 264 2754 107
286 2697 387 2771 gessit,
410 2697 553 2771 (pugnam
575 2696 611 2753 ad
633 2695 743 2755 Cirtam
765 2695 918 2770 factam5),
935 2697 1183 2771 expugnationem

117 2795 282 2853 multorum
314 2794 493 2870 oppidorum
516 2792 568 2867 6)),
600 2793 721 2852 uberius
753 2794 898 2869 explicare
930 2793 1038 2863 omisit,
1061 2793 1096 2852 de
1118 2797 1182 2853 tota

117 2893 213 2951 bieme
246 2893 313 2950 anni
338 2889 427 2968 107l6
449 2911 484 2950 ne
505 2891 629 2951 verbum
651 2891 771 2965 quidem
792 2891 871 2949 fecit.
913 2891 1067 2950 Difficilem
1089 2892 1182 2966 irrup-

117 2991 237 3061 tionem,
271 3006 360 3065 quam
390 2990 502 3048 Marius
529 3009 604 3048 anno
628 2989 749 3047 1060111
771 2989 942 3047 Numidiam
965 2990 1183 3048 Occidentalem

117 3089 187 3147 lecit
210 3089 242 3162 ἵ),
274 3093 336 3146 tam
367 3088 470 3163 [raucis
492 3092 522 3146 et
543 3088 676 3146 obscuris
699 3087 835 3158 absolvit,
857 3091 892 3145 ut
914 3091 1099 3146 momentum
1120 3087 1182 3146 eius

119 3187 160 3244 rei
184 3187 240 3245 'vix
262 3190 441 3261 agnoscatur
461 3185 496 3258 8).
538 3186 690 3245 Adversus
713 3202 857 3261 quosnam
878 3186 1014 3261 proxima
1035 3185 1181 3260 expeditio

118 3284 212 3355 Marii,
234 3285 313 3343 facta
333 3303 433 3342 mense
454 3283 592 3342 Ianuario
614 3284 682 3341 anni
705 3286 779 3354 105¹,
803 3288 941 3360 suscepta
963 3284 1002 3343 sit
1013 3283 1047 3357 ⁹),
1063 3303 1099 3341 ne
1115 3302 1181 3358 ope·

117 3382 308 3457 rae'quidem
330 3381 414 3440 duxit
435 3381 593 3440 Sallustius
616 3382 772 3457 diligenter
792 3403 909 3440 narrare
933 3383 979 3457 10),
1002 3397 1182 3456 quamquam

118 3479 273 3556 Appianus
294 3479 325 3536 id
346 3479 449 3538 sedulo
469 3479 548 3537 fecit.
591 3478 719 3536 Marium
741 3484 851 3538 aestate
873 3481 941 3538 anni
964 3481 1028 3537 105ἰ
1047 3498 1093 3538 res
1104 3479 1181 3537 Afri-

119 3596 168 3636 cae
190 3577 348 3648 ordinasse,
370 3576 541 3635 Numidiam
563 3576 783 3635 Occidentalem
804 3576 922 3636 Boccho
945 3578 1132 3648 concessisse,
1152 3577 1182 3635 in

119 3675 236 3734 ltaliam
268 3675 398 3746 rediisse,
430 3679 499 3752 post
530 3675 717 3751 triumphum
739 3679 838 3733 actum
859 3676 1036 3752 Iugurtham
1057 3676 1182 3736 interfici

119 3859 322 3868 ι------

120 4001 197 4047 stium
215 4002 321 4056 tantum,
339 4001 385 4046 sed
403 4000 480 4046 etiam
498 4000 565 4060 apud
582 4001 686 4047 Florum
705 3997 761 4058 (ΙΙΙ,
780 4002 802 4058 1,
822 3996 863 4054 14)
880 4004 906 4048 et
923 4003 1041 4049 Orosium
1059 3999 1096 4060 (V,
1108 4005 1147 4061 15,
1157 4001 1181 4058 8)

120 4085 254 4142 invenitur,
273 4089 347 4144 'quern
365 4087 500 4144 utrumque
518 4098 561 4131 eas
577 4099 618 4131 res
632 4099 683 4131 nou
692 4099 722 4131 ex
732 4086 777 4132 illo
787 4086 942 4132 desumsisse
951 4088 1083 4146 probabile
1093 4091 1139 4134 est.
1151 4113 1181 4121 —

123 4161 140 4219 ¹)
167 4171 206 4226 ss,
225 4172 248 4215 2.
269 4194 298 4201 -
319 4160 337 4223 ρ)
356 4170 394 4222 91,
413 4170 486 4216 1-1.
516 4194 545 4201 -
575 4159 592 4224 θ)
612 4171 683 4216 oros.
702 4171 730 4226 v,
752 4170 790 4227 15,
810 4171 849 4217 14.
869 4195 899 4203 -
919 4162 938 4225 ⁴)
956 4172 1013 4217 sah.
1034 4174 1072 4229 92,
1092 4173 1181 4230 5-95,

114 4255 143 4300 .1.
171 4279 201 4286 -
230 4245 248 4308 ⁶]
268 4256 307 4311 88,
326 4255 349 4300 3.
377 4279 407 4287 -
437 4246 455 4308 ⁰)
474 4256 513 4311 89,
533 4256 561 4311 1;
580 4267 656 4314 supra
673 4268 697 4314 p.
718 4256 756 4301 54.
785 4279 816 4287 -
837 4246 855 4309 ἵ)
874 4257 912 4312 92,
931 4257 953 4302 3.
974 4281 1004 4288 -
1024 4247 1042 4310 ⁸)
1060 4257 1140 4317 Supra
1156 4272 1181 4317 p.

122 4340 151 4392 os
169 4340 254 4393 annot,
273 4340 296 4392 a.
317 4365 345 4372 -
367 4329 385 4392 Β)
405 4339 460 4398 roa,
481 4340 510 4407 13
530 4340 585 4405 101,
606 4340 627 4386 1.
647 4363 676 4372 -
699 4331 729 4405 ¹⁰)
746 4340 810 4389 viae
828 4353 904 4399 supra
920 4353 944 4403 p.
964 4342 1003 4387 ea.
1022 4343 1048 4389 et
1066 4343 1105 4390 11.
1168 4374 1169 4378 ,
