<?xml version="1.0" encoding="UTF-8"?>
<!DOCTYPE html PUBLIC "-//W3C//DTD XHTML 1.0 Transitional//EN"
    "http://www.w3.org/TR/xhtml1/DTD/xhtml1-transitional.dtd">
<html xmlns="http://www.w3.org/1999/xhtml" xml:lang="en" lang="en">
 <head>
  <title>
</title>
<meta http-equiv="Content-Type" content="text/html;charset=utf-8" />
  <meta name='ocr-system' content='tesseract 3.04.00' />
  <meta name='ocr-capabilities' content='ocr_page ocr_carea ocr_par ocr_line ocrx_word'/>
</head>
<body>
  <div class='ocr_page' id='page_1' title='image "./quaestionessull00hoekgoog_0131.png"; bbox 0 0 2916 5062; ppageno 0'>
   <div class='ocr_carea' id='block_1_1' title="bbox 782 422 839 480">
    <p class='ocr_par' dir='ltr' id='par_1_1' title="bbox 782 422 839 480">
     <span class='ocr_line' id='line_1_1' title="bbox 782 422 839 480; baseline 0 0"><span class='ocrx_word' id='word_1_1' title='bbox 782 422 839 480; x_wconf 84' lang='lat'>120</span> 
     </span>
    </p>
   </div>
   <div class='ocr_carea' id='block_1_2' title="bbox 281 579 1357 2076">
    <p class='ocr_par' dir='ltr' id='par_1_2' title="bbox 281 579 1353 1049">
     <span class='ocr_line' id='line_1_2' title="bbox 283 579 1351 659; baseline -0.002 -19"><span class='ocrx_word' id='word_1_2' title='bbox 283 602 373 659; x_wconf 67' lang='lat' dir='ltr'>qutun</span> <span class='ocrx_word' id='word_1_3' title='bbox 395 582 539 641; x_wconf 77' lang='lat' dir='ltr'>militibus</span> <span class='ocrx_word' id='word_1_4' title='bbox 561 581 740 652; x_wconf 75' lang='lat' dir='ltr'>vendiderat,</span> <span class='ocrx_word' id='word_1_5' title='bbox 762 584 793 640; x_wconf 89' lang='lat' dir='ltr'>et</span> <span class='ocrx_word' id='word_1_6' title='bbox 814 581 955 641; x_wconf 79' lang='lat' dir='ltr'>decimam</span> <span class='ocrx_word' id='word_1_7' title='bbox 978 583 1093 656; x_wconf 62' lang='lat' dir='ltr'>laertem</span> <span class='ocrx_word' id='word_1_8' title='bbox 1115 579 1351 655; x_wconf 87' lang='lat' dir='ltr'>totiuspraedae</span> 
     </span>
     <span class='ocr_line' id='line_1_3' title="bbox 282 677 1351 757; baseline -0.004 -18"><span class='ocrx_word' id='word_1_9' title='bbox 282 680 411 757; x_wconf 90' lang='lat' dir='ltr'>quidem,</span> <span class='ocrx_word' id='word_1_10' title='bbox 443 684 478 738; x_wconf 92' lang='lat' dir='ltr'>ut</span> <span class='ocrx_word' id='word_1_11' title='bbox 509 680 616 756; x_wconf 86' lang='lat' dir='ltr'>probat</span> <span class='ocrx_word' id='word_1_12' title='bbox 638 680 821 739; x_wconf 89' lang='lat' dir='ltr'>consuetudo</span> <span class='ocrx_word' id='word_1_13' title='bbox 843 679 985 749; x_wconf 87' lang='lat' dir='ltr'>Romana,</span> <span class='ocrx_word' id='word_1_14' title='bbox 1008 678 1070 737; x_wconf 90' lang='lat' dir='ltr'>deis</span> <span class='ocrx_word' id='word_1_15' title='bbox 1092 677 1238 753; x_wconf 80' lang='lat' dir='ltr'>(Herculi)</span> <span class='ocrx_word' id='word_1_16' title='bbox 1261 677 1351 736; x_wconf 88' lang='lat' dir='ltr'>sacri-</span> 
     </span>
     <span class='ocr_line' id='line_1_4' title="bbox 281 775 1352 852; baseline -0.002 -16"><span class='ocrx_word' id='word_1_17' title='bbox 281 779 368 836; x_wconf 79' lang='lat' dir='ltr'>ficare</span> <span class='ocrx_word' id='word_1_18' title='bbox 400 777 538 837; x_wconf 90' lang='lat' dir='ltr'>decernit.</span> <span class='ocrx_word' id='word_1_19' title='bbox 582 778 647 836; x_wconf 91' lang='lat' dir='ltr'>Hoc</span> <span class='ocrx_word' id='word_1_20' title='bbox 679 777 854 836; x_wconf 89' lang='lat' dir='ltr'>sacrificium</span> <span class='ocrx_word' id='word_1_21' title='bbox 887 777 961 835; x_wconf 87' lang='lat' dir='ltr'>bene</span> <span class='ocrx_word' id='word_1_22' title='bbox 982 775 1139 852; x_wconf 73' lang='lat' dir='ltr'>descripsit</span> <span class='ocrx_word' id='word_1_23' title='bbox 1159 775 1352 834; x_wconf 74' lang='lat' dir='ltr'>Plutarchus</span> 
     </span>
     <span class='ocr_line' id='line_1_5' title="bbox 283 873 1353 951; baseline -0.004 -15"><span class='ocrx_word' id='word_1_24' title='bbox 283 877 356 936; x_wconf 89' lang='lat' dir='ltr'>Cum</span> <span class='ocrx_word' id='word_1_25' title='bbox 378 876 408 934; x_wconf 92' lang='lat' dir='ltr'>in</span> <span class='ocrx_word' id='word_1_26' title='bbox 429 895 464 935; x_wconf 91' lang='lat' dir='ltr'>eo</span> <span class='ocrx_word' id='word_1_27' title='bbox 486 875 623 951; x_wconf 88' lang='lat' dir='ltr'>occupati</span> <span class='ocrx_word' id='word_1_28' title='bbox 645 884 743 934; x_wconf 88' lang='lat' dir='ltr'>essent</span> <span class='ocrx_word' id='word_1_29' title='bbox 764 874 881 947; x_wconf 88' lang='lat' dir='ltr'>milites,</span> <span class='ocrx_word' id='word_1_30' title='bbox 903 875 1026 935; x_wconf 91' lang='lat' dir='ltr'>nuntius</span> <span class='ocrx_word' id='word_1_31' title='bbox 1047 874 1077 932; x_wconf 91' lang='lat' dir='ltr'>in</span> <span class='ocrx_word' id='word_1_32' title='bbox 1099 877 1195 933; x_wconf 89' lang='lat' dir='ltr'>castra</span> <span class='ocrx_word' id='word_1_33' title='bbox 1213 873 1353 949; x_wconf 86' lang='lat' dir='ltr'>pervenit</span> 
     </span>
     <span class='ocr_line' id='line_1_6' title="bbox 282 972 1123 1049; baseline -0.001 -18"><span class='ocrx_word' id='word_1_34' title='bbox 282 974 409 1032; x_wconf 87' lang='lat' dir='ltr'>Marium</span> <span class='ocrx_word' id='word_1_35' title='bbox 431 973 569 1049; x_wconf 87' lang='lat' dir='ltr'>quintum</span> <span class='ocrx_word' id='word_1_36' title='bbox 591 973 742 1032; x_wconf 91' lang='lat' dir='ltr'>consulem</span> <span class='ocrx_word' id='word_1_37' title='bbox 763 972 875 1032; x_wconf 86' lang='lat' dir='ltr'>Romae</span> <span class='ocrx_word' id='word_1_38' title='bbox 897 975 1027 1032; x_wconf 90' lang='lat' dir='ltr'>creatum</span> <span class='ocrx_word' id='word_1_39' title='bbox 1051 991 1123 1030; x_wconf 90' lang='lat' dir='ltr'>esse.</span> 
     </span>
    </p>

    <p class='ocr_par' dir='ltr' id='par_1_3' title="bbox 281 1068 1355 1538">
     <span class='ocr_line' id='line_1_7' title="bbox 322 1068 1349 1147; baseline -0.004 -17"><span class='ocrx_word' id='word_1_40' title='bbox 322 1072 386 1131; x_wconf 92' lang='lat' dir='ltr'>Hoc</span> <span class='ocrx_word' id='word_1_41' title='bbox 416 1073 482 1131; x_wconf 91' lang='lat' dir='ltr'>loco</span> <span class='ocrx_word' id='word_1_42' title='bbox 510 1074 633 1147; x_wconf 90' lang='lat' dir='ltr'>apparet</span> <span class='ocrx_word' id='word_1_43' title='bbox 653 1071 788 1143; x_wconf 90' lang='lat' dir='ltr'>Dionem,</span> <span class='ocrx_word' id='word_1_44' title='bbox 810 1070 926 1130; x_wconf 90' lang='lat' dir='ltr'>etiamsi</span> <span class='ocrx_word' id='word_1_45' title='bbox 947 1069 1076 1129; x_wconf 83' lang='lat' dir='ltr'>servavit</span> <span class='ocrx_word' id='word_1_46' title='bbox 1097 1068 1209 1144; x_wconf 89' lang='lat' dir='ltr'>aliquid</span> <span class='ocrx_word' id='word_1_47' title='bbox 1230 1089 1266 1127; x_wconf 82' lang='lat' dir='ltr'>ex</span> <span class='ocrx_word' id='word_1_48' title='bbox 1288 1071 1349 1127; x_wconf 88' lang='lat' dir='ltr'>tra·</span> 
     </span>
     <span class='ocr_line' id='line_1_8' title="bbox 283 1166 1354 1244; baseline -0.003 -17"><span class='ocrx_word' id='word_1_49' title='bbox 283 1168 392 1229; x_wconf 88' lang='lat' dir='ltr'>ditione</span> <span class='ocrx_word' id='word_1_50' title='bbox 414 1169 573 1240; x_wconf 89' lang='lat' dir='ltr'>Posidonii,</span> <span class='ocrx_word' id='word_1_51' title='bbox 595 1173 692 1228; x_wconf 89' lang='lat' dir='ltr'>tamen</span> <span class='ocrx_word' id='word_1_52' title='bbox 715 1169 760 1228; x_wconf 94' lang='lat' dir='ltr'>his</span> <span class='ocrx_word' id='word_1_53' title='bbox 781 1169 812 1226; x_wconf 90' lang='lat' dir='ltr'>in</span> <span class='ocrx_word' id='word_1_54' title='bbox 832 1168 921 1227; x_wconf 88' lang='lat' dir='ltr'>rebus</span> <span class='ocrx_word' id='word_1_55' title='bbox 943 1185 1062 1244; x_wconf 90' lang='lat' dir='ltr'>quoque</span> <span class='ocrx_word' id='word_1_56' title='bbox 1078 1166 1198 1226; x_wconf 89' lang='lat' dir='ltr'>minime</span> <span class='ocrx_word' id='word_1_57' title='bbox 1212 1167 1354 1242; x_wconf 85' lang='lat' dir='ltr'>ignarum</span> 
     </span>
     <span class='ocr_line' id='line_1_9' title="bbox 281 1264 1355 1343; baseline -0.002 -19"><span class='ocrx_word' id='word_1_58' title='bbox 281 1267 373 1326; x_wconf 87' lang='lat' dir='ltr'>fuisse</span> <span class='ocrx_word' id='word_1_59' title='bbox 394 1266 561 1327; x_wconf 80' lang='lat' dir='ltr'>traditionis</span> <span class='ocrx_word' id='word_1_60' title='bbox 582 1265 713 1326; x_wconf 88' lang='lat' dir='ltr'>Latinae.</span> <span class='ocrx_word' id='word_1_61' title='bbox 755 1266 847 1343; x_wconf 88' lang='lat' dir='ltr'>Apud</span> <span class='ocrx_word' id='word_1_62' title='bbox 869 1286 937 1325; x_wconf 88' lang='lat' dir='ltr'>eum</span> <span class='ocrx_word' id='word_1_63' title='bbox 959 1266 1036 1324; x_wconf 89' lang='lat' dir='ltr'>enim</span> <span class='ocrx_word' id='word_1_64' title='bbox 1058 1265 1225 1325; x_wconf 79' lang='lat' dir='ltr'>invenimus</span> <span class='ocrx_word' id='word_1_65' title='bbox 1248 1264 1355 1324; x_wconf 89' lang='lat' dir='ltr'>eadem</span> 
     </span>
     <span class='ocr_line' id='line_1_10' title="bbox 282 1361 1355 1440; baseline -0.005 -16"><span class='ocrx_word' id='word_1_66' title='bbox 282 1363 380 1435; x_wconf 85' lang='lat' dir='ltr'>verba,</span> <span class='ocrx_word' id='word_1_67' title='bbox 403 1364 439 1423; x_wconf 92' lang='lat' dir='ltr'>de</span> <span class='ocrx_word' id='word_1_68' title='bbox 460 1365 564 1440; x_wconf 89' lang='lat' dir='ltr'>quinto</span> <span class='ocrx_word' id='word_1_69' title='bbox 587 1365 743 1424; x_wconf 87' lang='lat' dir='ltr'>consulatu</span> <span class='ocrx_word' id='word_1_70' title='bbox 764 1363 851 1423; x_wconf 88' lang='lat' dir='ltr'>Marii</span> <span class='ocrx_word' id='word_1_71' title='bbox 870 1364 958 1434; x_wconf 86' lang='lat' dir='ltr'>facta,</span> <span class='ocrx_word' id='word_1_72' title='bbox 980 1382 1056 1438; x_wconf 89' lang='lat' dir='ltr'>quae</span> <span class='ocrx_word' id='word_1_73' title='bbox 1078 1362 1167 1422; x_wconf 85' lang='lat' dir='ltr'>etiam</span> <span class='ocrx_word' id='word_1_74' title='bbox 1188 1365 1307 1422; x_wconf 85' lang='lat' dir='ltr'>exstant</span> <span class='ocrx_word' id='word_1_75' title='bbox 1323 1361 1355 1420; x_wconf 89' lang='lat' dir='ltr'>iu</span> 
     </span>
     <span class='ocr_line' id='line_1_11' title="bbox 284 1461 1066 1538; baseline 0 -18"><span class='ocrx_word' id='word_1_76' title='bbox 284 1461 412 1538; x_wconf 87' lang='lat' dir='ltr'>epitome</span> <span class='ocrx_word' id='word_1_77' title='bbox 432 1461 555 1521; x_wconf 83' lang='lat' dir='ltr'>Liviana</span> <span class='ocrx_word' id='word_1_78' title='bbox 576 1463 612 1521; x_wconf 92' lang='lat' dir='ltr'>de</span> <span class='ocrx_word' id='word_1_79' title='bbox 634 1464 717 1521; x_wconf 83' lang='lat' dir='ltr'>sexto</span> <span class='ocrx_word' id='word_1_80' title='bbox 739 1462 871 1521; x_wconf 89' lang='lat' dir='ltr'>eiusdem</span> <span class='ocrx_word' id='word_1_81' title='bbox 892 1461 1066 1521; x_wconf 87' lang='lat' dir='ltr'>consulatu:</span> 
     </span>
    </p>

    <p class='ocr_par' dir='ltr' id='par_1_4' title="bbox 522 1575 1150 1651">
     <span class='ocr_line' id='line_1_12' title="bbox 522 1575 1150 1651; baseline -0.002 -16"><span class='ocrx_word' id='word_1_82' title='bbox 522 1577 579 1636; x_wconf 90' lang='lat' dir='ltr'>Dio</span> <span class='ocrx_word' id='word_1_83' title='bbox 1010 1575 1089 1651; x_wconf 82' lang='lat' dir='ltr'>Epit.</span> <span class='ocrx_word' id='word_1_84' title='bbox 1111 1576 1150 1634; x_wconf 88' lang='lat'>68</span> 
     </span>
    </p>

    <p class='ocr_par' dir='ltr' id='par_1_5' title="bbox 288 1672 1357 2076">
     <span class='ocr_line' id='line_1_13' title="bbox 332 1672 1357 1757; baseline -0.006 -21"><span class='ocrx_word' id='word_1_85' title='bbox 332 1678 430 1753; x_wconf 71' lang='lat' dir='ltr'>„Tora</span> <span class='ocrx_word' id='word_1_86' title='bbox 455 1676 507 1736; x_wconf 82' lang='grc' dir='ltr'>καὶ</span> <span class='ocrx_word' id='word_1_87' title='bbox 531 1675 603 1744; x_wconf 76' lang='lat' dir='ltr'>roric</span> <span class='ocrx_word' id='word_1_88' title='bbox 615 1672 806 1757; x_wconf 71' lang='grc' dir='ltr'><em>εὐπατρίδας</em></span> <span class='ocrx_word' id='word_1_89' title='bbox 873 1673 1037 1746; x_wconf 80' lang='lat' dir='ltr'>„Primores</span> <span class='ocrx_word' id='word_1_90' title='bbox 1070 1673 1207 1744; x_wconf 70' lang='lat' dir='ltr'>civitatis</span> <span class='ocrx_word' id='word_1_91' title='bbox 1241 1673 1293 1748; x_wconf 92' lang='lat' dir='ltr'>qui</span> <span class='ocrx_word' id='word_1_92' title='bbox 1328 1673 1357 1731; x_wconf 90' lang='lat' dir='ltr'>ci</span> 
     </span>
     <span class='ocr_line' id='line_1_14' title="bbox 288 1768 1356 1861; baseline -0.007 -26"><span class='ocrx_word' id='word_1_93' title='bbox 288 1778 357 1861; x_wconf 54' lang='grc' dir='ltr'>,ὑφ’</span> <span class='ocrx_word' id='word_1_94' title='bbox 390 1768 434 1844; x_wconf 79' lang='grc' dir='ltr'>ὧν</span> <span class='ocrx_word' id='word_1_95' title='bbox 460 1784 590 1861; x_wconf 68' lang='grc' dir='ltr'>ἐμισεῖτο</span> <span class='ocrx_word' id='word_1_96' title='bbox 615 1778 804 1861; x_wconf 62' lang='grc' dir='ltr'><em>ἐξενίκησεν,</em></span> <span class='ocrx_word' id='word_1_97' title='bbox 831 1771 1029 1847; x_wconf 76' lang='lat' dir='ltr'>„aliquamdiu</span> <span class='ocrx_word' id='word_1_98' title='bbox 1050 1773 1086 1830; x_wconf 90' lang='lat' dir='ltr'>ut</span> <span class='ocrx_word' id='word_1_99' title='bbox 1101 1790 1179 1831; x_wconf 88' lang='lat' dir='ltr'>novo</span> <span class='ocrx_word' id='word_1_100' title='bbox 1190 1770 1309 1830; x_wconf 84' lang='lat' dir='ltr'>homini</span> <span class='ocrx_word' id='word_1_101' title='bbox 1317 1770 1356 1829; x_wconf 90' lang='lat' dir='ltr'>ad</span> 
     </span>
     <span class='ocr_line' id='line_1_15' title="bbox 288 1867 1356 1970; baseline -0.005 -40"><span class='ocrx_word' id='word_1_102' title='bbox 288 1888 385 1967; x_wconf 42' lang='grc' dir='ltr'><strong>»ὥστε</strong></span> <span class='ocrx_word' id='word_1_103' title='bbox 399 1889 617 1970; x_wconf 48' lang='lat' dir='ltr'>mmo„</span> <span class='ocrx_word' id='word_1_104' title='bbox 630 1885 805 1966; x_wconf 56' lang='grc' dir='ltr'><em>ὀμοίωςκαὶ</em></span> <span class='ocrx_word' id='word_1_105' title='bbox 831 1872 947 1942; x_wconf 87' lang='lat' dir='ltr'>,tantos</span> <span class='ocrx_word' id='word_1_106' title='bbox 968 1869 1094 1928; x_wconf 88' lang='lat' dir='ltr'>honores</span> <span class='ocrx_word' id='word_1_107' title='bbox 1116 1872 1218 1929; x_wconf 90' lang='lat' dir='ltr'>evecto</span> <span class='ocrx_word' id='word_1_108' title='bbox 1240 1867 1356 1928; x_wconf 88' lang='lat' dir='ltr'>invide-</span> 
     </span>
     <span class='ocr_line' id='line_1_16' title="bbox 289 1965 1356 2076; baseline -0.002 -50"><span class='ocrx_word' id='word_1_109' title='bbox 289 1998 525 2075; x_wconf 43' lang='lat' dir='ltr'>„gnmfmpm&#39;</span> <span class='ocrx_word' id='word_1_110' title='bbox 556 1999 612 2072; x_wconf 55' lang='lat' dir='ltr'><em>W</em></span> <span class='ocrx_word' id='word_1_111' title='bbox 637 2018 669 2056; x_wconf 60' lang='grc' dir='ltr'>Π</span> <span class='ocrx_word' id='word_1_112' title='bbox 692 1997 805 2076; x_wconf 52' lang='grc' dir='ltr'>ἀρχήν,</span> <span class='ocrx_word' id='word_1_113' title='bbox 832 1970 923 2039; x_wconf 88' lang='lat' dir='ltr'>,rant,</span> <span class='ocrx_word' id='word_1_114' title='bbox 946 1969 1147 2027; x_wconf 86' lang='lat' dir='ltr'>conservatam</span> <span class='ocrx_word' id='word_1_115' title='bbox 1169 1965 1205 2026; x_wconf 90' lang='lat' dir='ltr'>ab</span> <span class='ocrx_word' id='word_1_116' title='bbox 1227 1985 1356 2026; x_wconf 89' lang='lat' dir='ltr'>eorem·</span> 
     </span>
    </p>
   </div>
   <div class='ocr_carea' id='block_1_3' title="bbox 223 2064 1217 2186">
    <p class='ocr_par' dir='ltr' id='par_1_6' title="bbox 223 2064 1217 2186">
     <span class='ocr_line' id='line_1_17' title="bbox 223 2064 1217 2186; baseline -0.029 -19"><span class='ocrx_word' id='word_1_117' title='bbox 223 2147 227 2155; x_wconf 81' lang='lat'><strong>·</strong></span> <span class='ocrx_word' id='word_1_118' title='bbox 286 2104 361 2186; x_wconf 68' lang='lat' dir='ltr'>„aul</span> <span class='ocrx_word' id='word_1_119' title='bbox 380 2104 410 2172; x_wconf 73' lang='grc' dir='ltr'>ἐς</span> <span class='ocrx_word' id='word_1_120' title='bbox 426 2102 460 2162; x_wconf 81' lang='grc' dir='ltr'>τὸ</span> <span class='ocrx_word' id='word_1_121' title='bbox 478 2102 568 2163; x_wconf 76' lang='grc' dir='ltr'><em>ἐπιὸν</em></span> <span class='ocrx_word' id='word_1_122' title='bbox 587 2101 674 2172; x_wconf 69' lang='grc' dir='ltr'><em>ἔτος.</em></span> <span class='ocrx_word' id='word_1_123' title='bbox 690 2153 696 2166; x_wconf 94' lang='grc'><strong>.</strong></span> <span class='ocrx_word' id='word_1_124' title='bbox 712 2152 719 2167; x_wconf 92' lang='grc'><strong>.</strong></span> <span class='ocrx_word' id='word_1_125' title='bbox 734 2098 807 2182; x_wconf 77' lang='grc' dir='ltr'><em>παρ’</em></span> <span class='ocrx_word' id='word_1_126' title='bbox 833 2064 999 2140; x_wconf 62' lang='lat' dir='ltr'>”PUbhcam</span> <span class='ocrx_word' id='word_1_127' title='bbox 1019 2065 1217 2125; x_wconf 58' lang='lat' dir='ltr'>falebstnlffl·</span> 
     </span>
    </p>
   </div>
   <div class='ocr_carea' id='block_1_4' title="bbox 284 2209 1362 4083">
    <p class='ocr_par' dir='ltr' id='par_1_7' title="bbox 289 2209 807 2398">
     <span class='ocr_line' id='line_1_18' title="bbox 289 2209 807 2290; baseline -0.002 -19"><span class='ocrx_word' id='word_1_128' title='bbox 289 2212 445 2290; x_wconf 69' lang='lat' dir='ltr'>„incusor</span> <span class='ocrx_word' id='word_1_129' title='bbox 475 2209 528 2268; x_wconf 85' lang='grc' dir='ltr'>καὶ</span> <span class='ocrx_word' id='word_1_130' title='bbox 556 2211 807 2287; x_wconf 76' lang='grc' dir='ltr'><em>ὁμογνωμονοῦν·</em></span> 
     </span>
     <span class='ocr_line' id='line_1_19' title="bbox 289 2311 680 2398; baseline -0.01 -20"><span class='ocrx_word' id='word_1_131' title='bbox 289 2333 373 2398; x_wconf 69' lang='grc' dir='ltr'><em>,τῶν</em></span> <span class='ocrx_word' id='word_1_132' title='bbox 399 2313 505 2376; x_wconf 68' lang='lat' dir='ltr'>aaron</span> <span class='ocrx_word' id='word_1_133' title='bbox 530 2311 680 2397; x_wconf 58' lang='lat' dir='ltr'>t&#39;tassevss’</span> 
     </span>
    </p>

    <p class='ocr_par' dir='ltr' id='par_1_8' title="bbox 284 2420 1362 2874">
     <span class='ocr_line' id='line_1_20' title="bbox 323 2420 1356 2481; baseline -0.001 0"><span class='ocrx_word' id='word_1_134' title='bbox 323 2424 411 2481; x_wconf 90' lang='lat' dir='ltr'>Hunc</span> <span class='ocrx_word' id='word_1_135' title='bbox 433 2440 608 2481; x_wconf 86' lang='lat' dir='ltr'>consensum</span> <span class='ocrx_word' id='word_1_136' title='bbox 628 2421 678 2480; x_wconf 83' lang='lat' dir='ltr'>vix</span> <span class='ocrx_word' id='word_1_137' title='bbox 694 2420 765 2480; x_wconf 86' lang='lat' dir='ltr'>forti</span> <span class='ocrx_word' id='word_1_138' title='bbox 782 2421 920 2481; x_wconf 86' lang='lat' dir='ltr'>fortunae</span> <span class='ocrx_word' id='word_1_139' title='bbox 932 2425 962 2480; x_wconf 89' lang='lat' dir='ltr'>et</span> <span class='ocrx_word' id='word_1_140' title='bbox 976 2421 1057 2481; x_wconf 88' lang='lat' dir='ltr'>casui</span> <span class='ocrx_word' id='word_1_141' title='bbox 1069 2420 1235 2480; x_wconf 87' lang='lat' dir='ltr'>adscribere</span> <span class='ocrx_word' id='word_1_142' title='bbox 1247 2422 1356 2481; x_wconf 89' lang='lat' dir='ltr'>ausim.</span> 
     </span>
     <span class='ocr_line' id='line_1_21' title="bbox 284 2519 1361 2595; baseline -0.002 -15"><span class='ocrx_word' id='word_1_143' title='bbox 284 2521 328 2580; x_wconf 92' lang='lat' dir='ltr'>De</span> <span class='ocrx_word' id='word_1_144' title='bbox 350 2520 463 2580; x_wconf 88' lang='lat' dir='ltr'>ratione</span> <span class='ocrx_word' id='word_1_145' title='bbox 485 2523 585 2577; x_wconf 88' lang='lat' dir='ltr'>autem</span> <span class='ocrx_word' id='word_1_146' title='bbox 607 2538 666 2595; x_wconf 93' lang='lat' dir='ltr'>qua</span> <span class='ocrx_word' id='word_1_147' title='bbox 687 2519 725 2577; x_wconf 89' lang='lat' dir='ltr'>ad</span> <span class='ocrx_word' id='word_1_148' title='bbox 744 2522 861 2578; x_wconf 81' lang='lat' dir='ltr'>sextum</span> <span class='ocrx_word' id='word_1_149' title='bbox 879 2519 1067 2579; x_wconf 87' lang='lat' dir='ltr'>consulatum</span> <span class='ocrx_word' id='word_1_150' title='bbox 1089 2519 1361 2595; x_wconf 71' lang='lat' dir='ltr'>pervenitMsrius</span> 
     </span>
     <span class='ocr_line' id='line_1_22' title="bbox 285 2616 1362 2694; baseline -0.002 -16"><span class='ocrx_word' id='word_1_151' title='bbox 285 2620 436 2694; x_wconf 85' lang='lat' dir='ltr'>aliquanto</span> <span class='ocrx_word' id='word_1_152' title='bbox 467 2620 537 2692; x_wconf 89' lang='lat' dir='ltr'>post</span> <span class='ocrx_word' id='word_1_153' title='bbox 567 2616 666 2674; x_wconf 90' lang='lat' dir='ltr'>minus</span> <span class='ocrx_word' id='word_1_154' title='bbox 693 2617 854 2677; x_wconf 90' lang='lat' dir='ltr'>honorifica</span> <span class='ocrx_word' id='word_1_155' title='bbox 876 2617 998 2677; x_wconf 87' lang='lat' dir='ltr'>tradidit</span> <span class='ocrx_word' id='word_1_156' title='bbox 1022 2617 1204 2676; x_wconf 86' lang='lat' dir='ltr'>Plutarchus</span> <span class='ocrx_word' id='word_1_157' title='bbox 1227 2618 1260 2691; x_wconf 90' lang='grc'>1),</span> <span class='ocrx_word' id='word_1_158' title='bbox 1282 2617 1362 2677; x_wconf 86' lang='lat' dir='ltr'>Livii</span> 
     </span>
     <span class='ocr_line' id='line_1_23' title="bbox 288 2706 1357 2792; baseline -0.001 -16"><span class='ocrx_word' id='word_1_159' title='bbox 288 2716 498 2776; x_wconf 88' lang='lat' dir='ltr'>auctoritatem</span> <span class='ocrx_word' id='word_1_160' title='bbox 520 2715 697 2791; x_wconf 88' lang='lat' dir='ltr'>relinquens,</span> <span class='ocrx_word' id='word_1_161' title='bbox 720 2718 758 2786; x_wconf 91' lang='lat' dir='ltr'>et,</span> <span class='ocrx_word' id='word_1_162' title='bbox 776 2718 812 2774; x_wconf 90' lang='lat' dir='ltr'>ut</span> <span class='ocrx_word' id='word_1_163' title='bbox 829 2715 892 2792; x_wconf 90' lang='lat' dir='ltr'>ipse</span> <span class='ocrx_word' id='word_1_164' title='bbox 909 2715 1041 2788; x_wconf 89' lang='lat' dir='ltr'>ibidieit‚</span> <span class='ocrx_word' id='word_1_165' title='bbox 1053 2710 1215 2773; x_wconf 85' lang='lat' dir='ltr'>Rutilium</span> <span class='ocrx_word' id='word_1_166' title='bbox 1228 2706 1357 2775; x_wconf 81' lang='lat' dir='ltr'>Rufum</span> 
     </span>
     <span class='ocr_line' id='line_1_24' title="bbox 291 2799 594 2874; baseline 0 -1"><span class='ocrx_word' id='word_1_167' title='bbox 291 2818 442 2874; x_wconf 86' lang='lat' dir='ltr'>auctorem</span> <span class='ocrx_word' id='word_1_168' title='bbox 464 2799 594 2872; x_wconf 52' lang='lat' dir='ltr'>secutus,</span> 
     </span>
    </p>

    <p class='ocr_par' dir='ltr' id='par_1_9' title="bbox 287 2908 1358 4083">
     <span class='ocr_line' id='line_1_25' title="bbox 329 2908 1358 2988; baseline 0.001 -18"><span class='ocrx_word' id='word_1_169' title='bbox 329 2912 398 2988; x_wconf 87' lang='lat' dir='ltr'>Cap.</span> <span class='ocrx_word' id='word_1_170' title='bbox 421 2908 475 2970; x_wconf 81' lang='lat'>23.</span> <span class='ocrx_word' id='word_1_171' title='bbox 517 2911 695 2969; x_wconf 89' lang='lat' dir='ltr'>Plutarchus</span> <span class='ocrx_word' id='word_1_172' title='bbox 723 2911 829 2970; x_wconf 88' lang='lat' dir='ltr'>transit</span> <span class='ocrx_word' id='word_1_173' title='bbox 851 2911 1002 2970; x_wconf 83' lang='lat' dir='ltr'>adrosa.</span> <span class='ocrx_word' id='word_1_174' title='bbox 1027 2911 1096 2971; x_wconf 78' lang='grc' dir='ltr'>102ο</span> <span class='ocrx_word' id='word_1_175' title='bbox 1118 2915 1241 2972; x_wconf 87' lang='lat' dir='ltr'>exeunte</span> <span class='ocrx_word' id='word_1_176' title='bbox 1264 2915 1295 2971; x_wconf 91' lang='lat' dir='ltr'>et</span> <span class='ocrx_word' id='word_1_177' title='bbox 1315 2913 1358 2971; x_wconf 93' lang='lat' dir='ltr'>in·</span> 
     </span>
     <span class='ocr_line' id='line_1_26' title="bbox 288 3008 1357 3084; baseline -0.001 -15"><span class='ocrx_word' id='word_1_178' title='bbox 288 3014 376 3070; x_wconf 89' lang='lat' dir='ltr'>eunte</span> <span class='ocrx_word' id='word_1_179' title='bbox 402 3031 426 3068; x_wconf 87' lang='lat' dir='ltr'>a.</span> <span class='ocrx_word' id='word_1_180' title='bbox 451 3010 522 3068; x_wconf 88' lang='lat'>101⁰</span> <span class='ocrx_word' id='word_1_181' title='bbox 542 3029 559 3066; x_wconf 91' lang='lat' dir='ltr'>a</span> <span class='ocrx_word' id='word_1_182' title='bbox 581 3008 685 3069; x_wconf 89' lang='lat' dir='ltr'>Catulo</span> <span class='ocrx_word' id='word_1_183' title='bbox 707 3012 815 3084; x_wconf 84' lang='lat' dir='ltr'>gestas.</span> <span class='ocrx_word' id='word_1_184' title='bbox 857 3009 893 3068; x_wconf 93' lang='lat' dir='ltr'>In</span> <span class='ocrx_word' id='word_1_185' title='bbox 912 3010 958 3070; x_wconf 89' lang='lat' dir='ltr'>his</span> <span class='ocrx_word' id='word_1_186' title='bbox 979 3009 1067 3069; x_wconf 90' lang='lat' dir='ltr'>rebus</span> <span class='ocrx_word' id='word_1_187' title='bbox 1088 3010 1249 3071; x_wconf 86' lang='lat' dir='ltr'>Plutarcho</span> <span class='ocrx_word' id='word_1_188' title='bbox 1272 3010 1357 3072; x_wconf 91' lang='lat' dir='ltr'>Com-</span> 
     </span>
     <span class='ocr_line' id='line_1_27' title="bbox 287 3106 1358 3185; baseline 0.001 -18"><span class='ocrx_word' id='word_1_189' title='bbox 287 3107 424 3167; x_wconf 89' lang='lat' dir='ltr'>mentarii</span> <span class='ocrx_word' id='word_1_190' title='bbox 446 3107 544 3165; x_wconf 88' lang='lat' dir='ltr'>Sullae</span> <span class='ocrx_word' id='word_1_191' title='bbox 567 3106 663 3167; x_wconf 90' lang='lat' dir='ltr'>denuo</span> <span class='ocrx_word' id='word_1_192' title='bbox 683 3107 772 3166; x_wconf 89' lang='lat' dir='ltr'>utiles</span> <span class='ocrx_word' id='word_1_193' title='bbox 793 3108 923 3167; x_wconf 87' lang='lat' dir='ltr'>suerunt.</span> <span class='ocrx_word' id='word_1_194' title='bbox 964 3108 1009 3167; x_wconf 80' lang='lat' dir='ltr'>Ex</span> <span class='ocrx_word' id='word_1_195' title='bbox 1030 3109 1072 3167; x_wconf 89' lang='lat' dir='ltr'>eis</span> <span class='ocrx_word' id='word_1_196' title='bbox 1093 3109 1149 3168; x_wconf 93' lang='lat' dir='ltr'>hoc</span> <span class='ocrx_word' id='word_1_197' title='bbox 1170 3108 1358 3185; x_wconf 86' lang='lat' dir='ltr'>deprompsit</span> 
     </span>
     <span class='ocr_line' id='line_1_28' title="bbox 289 3202 1357 3291; baseline -0.006 -18"><span class='ocrx_word' id='word_1_198' title='bbox 289 3215 381 3291; x_wconf 80' lang='lat' dir='ltr'>(quod</span> <span class='ocrx_word' id='word_1_199' title='bbox 402 3216 431 3272; x_wconf 91' lang='lat' dir='ltr'>in</span> <span class='ocrx_word' id='word_1_200' title='bbox 452 3213 523 3272; x_wconf 79' lang='lat' dir='ltr'>Vita</span> <span class='ocrx_word' id='word_1_201' title='bbox 541 3214 639 3273; x_wconf 86' lang='lat' dir='ltr'>Sullae</span> <span class='ocrx_word' id='word_1_202' title='bbox 659 3215 807 3290; x_wconf 74' lang='lat' dir='ltr'>scripsitl:</span> <span class='ocrx_word' id='word_1_203' title='bbox 830 3214 913 3274; x_wconf 83' lang='lat' dir='ltr'>Sulla</span> <span class='ocrx_word' id='word_1_204' title='bbox 937 3202 1082 3287; x_wconf 57' lang='lat' dir='ltr'>„aalma</span> <span class='ocrx_word' id='word_1_205' title='bbox 1103 3209 1162 3281; x_wconf 76' lang='grc' dir='ltr'>μὲν</span> <span class='ocrx_word' id='word_1_206' title='bbox 1179 3207 1258 3287; x_wconf 65' lang='grc' dir='ltr'><em>αἱροῖ</em></span> <span class='ocrx_word' id='word_1_207' title='bbox 1275 3203 1357 3270; x_wconf 70' lang='grc' dir='ltr'><em>πολύ</em></span> 
     </span>
     <span class='ocr_line' id='line_1_29' title="bbox 295 3306 1357 3396; baseline 0.001 -14"><span class='ocrx_word' id='word_1_208' title='bbox 295 3311 404 3395; x_wconf 64' lang='lat' dir='ltr'>,atnoe</span> <span class='ocrx_word' id='word_1_209' title='bbox 417 3328 480 3373; x_wconf 84' lang='grc' dir='ltr'>τῶν</span> <span class='ocrx_word' id='word_1_210' title='bbox 494 3312 527 3373; x_wconf 76' lang='grc' dir='ltr'>ἓν</span> <span class='ocrx_word' id='word_1_211' title='bbox 541 3317 611 3382; x_wconf 72' lang='grc' dir='ltr'>ταῖς</span> <span class='ocrx_word' id='word_1_212' title='bbox 623 3306 775 3374; x_wconf 70' lang='grc' dir='ltr'><strong><em>’Ἄλπεσι</em></strong></span> <span class='ocrx_word' id='word_1_213' title='bbox 790 3313 992 3396; x_wconf 79' lang='grc' dir='ltr'><em>βαρβάοων”;</em></span> <span class='ocrx_word' id='word_1_214' title='bbox 1009 3322 1039 3381; x_wconf 85' lang='lat' dir='ltr'>id</span> <span class='ocrx_word' id='word_1_215' title='bbox 1055 3322 1169 3382; x_wconf 80' lang='lat' dir='ltr'>fectum</span> <span class='ocrx_word' id='word_1_216' title='bbox 1187 3323 1226 3382; x_wconf 82' lang='lat' dir='ltr'>sit</span> <span class='ocrx_word' id='word_1_217' title='bbox 1236 3342 1357 3383; x_wconf 83' lang='lat' dir='ltr'>neeesse</span> 
     </span>
     <span class='ocr_line' id='line_1_30' title="bbox 290 3417 1356 3497; baseline 0.001 -17"><span class='ocrx_word' id='word_1_218' title='bbox 290 3422 335 3480; x_wconf 90' lang='lat' dir='ltr'>est</span> <span class='ocrx_word' id='word_1_219' title='bbox 356 3422 423 3478; x_wconf 89' lang='lat' dir='ltr'>ante</span> <span class='ocrx_word' id='word_1_220' title='bbox 444 3418 604 3476; x_wconf 84' lang='lat' dir='ltr'>adventum</span> <span class='ocrx_word' id='word_1_221' title='bbox 626 3417 812 3479; x_wconf 82' lang='lat' dir='ltr'>Cimbrorum</span> <span class='ocrx_word' id='word_1_222' title='bbox 831 3420 863 3494; x_wconf 75' lang='lat'>2).</span> <span class='ocrx_word' id='word_1_223' title='bbox 887 3419 998 3479; x_wconf 82' lang='lat' dir='ltr'>Cimbri</span> <span class='ocrx_word' id='word_1_224' title='bbox 1018 3420 1056 3479; x_wconf 90' lang='lat' dir='ltr'>ad</span> <span class='ocrx_word' id='word_1_225' title='bbox 1071 3420 1176 3480; x_wconf 88' lang='lat' dir='ltr'>Atesin</span> <span class='ocrx_word' id='word_1_226' title='bbox 1186 3424 1256 3497; x_wconf 90' lang='lat' dir='ltr'>post</span> <span class='ocrx_word' id='word_1_227' title='bbox 1266 3422 1356 3482; x_wconf 89' lang='lat' dir='ltr'>finem</span> 
     </span>
     <span class='ocr_line' id='line_1_31' title="bbox 290 3517 1355 3594; baseline 0.004 -18"><span class='ocrx_word' id='word_1_228' title='bbox 290 3517 357 3577; x_wconf 85' lang='lat' dir='ltr'>anni</span> <span class='ocrx_word' id='word_1_229' title='bbox 389 3517 506 3575; x_wconf 89' lang='lat' dir='ltr'>demum</span> <span class='ocrx_word' id='word_1_230' title='bbox 541 3535 607 3574; x_wconf 91' lang='lat' dir='ltr'>cum</span> <span class='ocrx_word' id='word_1_231' title='bbox 639 3517 698 3574; x_wconf 89' lang='lat' dir='ltr'>iam</span> <span class='ocrx_word' id='word_1_232' title='bbox 728 3537 843 3592; x_wconf 83' lang='lat' dir='ltr'>procos</span> <span class='ocrx_word' id='word_1_233' title='bbox 877 3522 954 3577; x_wconf 90' lang='lat' dir='ltr'>esset</span> <span class='ocrx_word' id='word_1_234' title='bbox 985 3518 1118 3590; x_wconf 82' lang='lat' dir='ltr'>Catulus,</span> <span class='ocrx_word' id='word_1_235' title='bbox 1145 3524 1355 3594; x_wconf 86' lang='lat' dir='ltr'>pervenerunt.</span> 
     </span>
     <span class='ocr_line' id='line_1_32' title="bbox 290 3614 1354 3693; baseline 0.004 -19"><span class='ocrx_word' id='word_1_236' title='bbox 290 3617 370 3687; x_wconf 79' lang='lat' dir='ltr'>Quae</span> <span class='ocrx_word' id='word_1_237' title='bbox 402 3615 437 3674; x_wconf 87' lang='lat' dir='ltr'>de</span> <span class='ocrx_word' id='word_1_238' title='bbox 469 3615 598 3673; x_wconf 89' lang='lat' dir='ltr'>adventu</span> <span class='ocrx_word' id='word_1_239' title='bbox 629 3614 830 3688; x_wconf 87' lang='lat' dir='ltr'>barbarorum,</span> <span class='ocrx_word' id='word_1_240' title='bbox 863 3616 899 3675; x_wconf 91' lang='lat' dir='ltr'>de</span> <span class='ocrx_word' id='word_1_241' title='bbox 928 3616 1042 3676; x_wconf 86' lang='lat' dir='ltr'>artibus</span> <span class='ocrx_word' id='word_1_242' title='bbox 1073 3617 1181 3693; x_wconf 87' lang='lat' dir='ltr'>quibus</span> <span class='ocrx_word' id='word_1_243' title='bbox 1203 3617 1354 3678; x_wconf 87' lang='lat' dir='ltr'>Romanos</span> 
     </span>
     <span class='ocr_line' id='line_1_33' title="bbox 290 3712 1356 3790; baseline 0.003 -16"><span class='ocrx_word' id='word_1_244' title='bbox 290 3718 399 3774; x_wconf 88' lang='lat' dir='ltr'>terrere</span> <span class='ocrx_word' id='word_1_245' title='bbox 430 3716 461 3771; x_wconf 88' lang='lat' dir='ltr'>et</span> <span class='ocrx_word' id='word_1_246' title='bbox 491 3712 596 3770; x_wconf 84' lang='lat' dir='ltr'>Atesin</span> <span class='ocrx_word' id='word_1_247' title='bbox 624 3713 748 3771; x_wconf 88' lang='lat' dir='ltr'>transire</span> <span class='ocrx_word' id='word_1_248' title='bbox 780 3718 924 3773; x_wconf 87' lang='lat' dir='ltr'>conantur</span> <span class='ocrx_word' id='word_1_249' title='bbox 957 3714 1075 3790; x_wconf 86' lang='lat' dir='ltr'>scripsit</span> <span class='ocrx_word' id='word_1_250' title='bbox 1097 3715 1286 3788; x_wconf 73' lang='lat' dir='ltr'>Plutarchus</span> <span class='ocrx_word' id='word_1_251' title='bbox 1309 3736 1356 3777; x_wconf 82' lang='lat' dir='ltr'>eo</span> 
     </span>
     <span class='ocr_line' id='line_1_34' title="bbox 292 3810 1355 3888; baseline 0.003 -18"><span class='ocrx_word' id='word_1_252' title='bbox 292 3811 358 3870; x_wconf 92' lang='lat' dir='ltr'>dem</span> <span class='ocrx_word' id='word_1_253' title='bbox 390 3810 478 3869; x_wconf 90' lang='lat' dir='ltr'>modo</span> <span class='ocrx_word' id='word_1_254' title='bbox 509 3810 650 3884; x_wconf 87' lang='lat' dir='ltr'>leguntur</span> <span class='ocrx_word' id='word_1_255' title='bbox 671 3811 751 3886; x_wconf 92' lang='lat' dir='ltr'>apud</span> <span class='ocrx_word' id='word_1_256' title='bbox 770 3811 901 3884; x_wconf 81' lang='lat' dir='ltr'>Florum,</span> <span class='ocrx_word' id='word_1_257' title='bbox 924 3812 975 3888; x_wconf 91' lang='lat' dir='ltr'>qui</span> <span class='ocrx_word' id='word_1_258' title='bbox 997 3812 1080 3871; x_wconf 88' lang='lat' dir='ltr'>addit</span> <span class='ocrx_word' id='word_1_259' title='bbox 1102 3832 1152 3872; x_wconf 91' lang='lat' dir='ltr'>eos</span> <span class='ocrx_word' id='word_1_260' title='bbox 1174 3812 1355 3874; x_wconf 86' lang='lat' dir='ltr'>Tridentinis</span> 
     </span>
     <span class='ocr_line' id='line_1_35' title="bbox 290 3907 1355 3984; baseline 0.002 -16"><span class='ocrx_word' id='word_1_261' title='bbox 290 3909 368 3984; x_wconf 84' lang='lat' dir='ltr'>iugis</span> <span class='ocrx_word' id='word_1_262' title='bbox 396 3907 579 3967; x_wconf 88' lang='lat' dir='ltr'>descendisse</span> <span class='ocrx_word' id='word_1_263' title='bbox 600 3908 634 3982; x_wconf 81' lang='lat'>³).</span> <span class='ocrx_word' id='word_1_264' title='bbox 677 3908 799 3968; x_wconf 89' lang='lat' dir='ltr'>Catulus</span> <span class='ocrx_word' id='word_1_265' title='bbox 821 3909 904 3969; x_wconf 89' lang='lat' dir='ltr'>initio</span> <span class='ocrx_word' id='word_1_266' title='bbox 926 3910 1056 3969; x_wconf 89' lang='lat' dir='ltr'>animum</span> <span class='ocrx_word' id='word_1_267' title='bbox 1078 3911 1242 3983; x_wconf 85' lang='lat' dir='ltr'>induxerat,</span> <span class='ocrx_word' id='word_1_268' title='bbox 1264 3913 1355 3972; x_wconf 90' lang='lat' dir='ltr'>etiam</span> 
     </span>
     <span class='ocr_line' id='line_1_36' title="bbox 291 4005 1355 4083; baseline 0.006 -17"><span class='ocrx_word' id='word_1_269' title='bbox 291 4007 413 4066; x_wconf 87' lang='lat' dir='ltr'>alteram</span> <span class='ocrx_word' id='word_1_270' title='bbox 444 4005 539 4081; x_wconf 90' lang='lat' dir='ltr'>ripam</span> <span class='ocrx_word' id='word_1_271' title='bbox 570 4006 711 4078; x_wconf 89' lang='lat' dir='ltr'>fluminis,</span> <span class='ocrx_word' id='word_1_272' title='bbox 744 4007 1003 4083; x_wconf 85' lang='lat' dir='ltr'>septentrionalem</span> <span class='ocrx_word' id='word_1_273' title='bbox 1028 4008 1089 4068; x_wconf 84' lang='lat' dir='ltr'>sive</span> <span class='ocrx_word' id='word_1_274' title='bbox 1110 4009 1234 4082; x_wconf 86' lang='lat' dir='ltr'>laevam,</span> <span class='ocrx_word' id='word_1_275' title='bbox 1256 4013 1287 4071; x_wconf 89' lang='lat' dir='ltr'>ct</span> <span class='ocrx_word' id='word_1_276' title='bbox 1308 4010 1355 4071; x_wconf 86' lang='lat' dir='ltr'>do·</span> 
     </span>
    </p>
   </div>
   <div class='ocr_carea' id='block_1_5' title="bbox 327 4279 1306 4357">
    <p class='ocr_par' dir='ltr' id='par_1_10' title="bbox 327 4279 1306 4357">
     <span class='ocr_line' id='line_1_37' title="bbox 327 4279 1306 4357; baseline 0.007 -22"><span class='ocrx_word' id='word_1_277' title='bbox 327 4280 344 4345; x_wconf 82' lang='lat'>¹)</span> <span class='ocrx_word' id='word_1_278' title='bbox 362 4288 427 4336; x_wconf 71' lang='lat' dir='ltr'>stur..</span> <span class='ocrx_word' id='word_1_279' title='bbox 447 4289 486 4336; x_wconf 83' lang='lat' dir='ltr'>as.</span> <span class='ocrx_word' id='word_1_280' title='bbox 507 4311 536 4320; x_wconf 96' lang='lat'>-</span> <span class='ocrx_word' id='word_1_281' title='bbox 557 4279 575 4343; x_wconf 61' lang='grc' dir='ltr'>ἢ</span> <span class='ocrx_word' id='word_1_282' title='bbox 592 4289 658 4338; x_wconf 74' lang='lat' dir='ltr'>erue.</span> <span class='ocrx_word' id='word_1_283' title='bbox 676 4289 746 4339; x_wconf 75' lang='lat' dir='ltr'>anua</span> <span class='ocrx_word' id='word_1_284' title='bbox 764 4305 784 4336; x_wconf 75' lang='lat' dir='ltr'>e.</span> <span class='ocrx_word' id='word_1_285' title='bbox 803 4291 826 4337; x_wconf 73' lang='lat' dir='ltr'>a.</span> <span class='ocrx_word' id='word_1_286' title='bbox 846 4315 877 4323; x_wconf 85' lang='lat'><em>-</em></span> <span class='ocrx_word' id='word_1_287' title='bbox 897 4283 915 4346; x_wconf 76' lang='lat'>³)</span> <span class='ocrx_word' id='word_1_288' title='bbox 934 4292 1002 4339; x_wconf 77' lang='lat' dir='ltr'>mor.</span> <span class='ocrx_word' id='word_1_289' title='bbox 1020 4293 1068 4357; x_wconf 79' lang='lat'>111,</span> <span class='ocrx_word' id='word_1_290' title='bbox 1086 4295 1101 4340; x_wconf 85' lang='lat' dir='ltr'>a</span> <span class='ocrx_word' id='word_1_291' title='bbox 1120 4290 1134 4357; x_wconf 73' lang='lat' dir='ltr'>s</span> <span class='ocrx_word' id='word_1_292' title='bbox 1153 4293 1306 4349; x_wconf 62' lang='lat' dir='ltr'>rra-riam.</span> 
     </span>
    </p>
   </div>
   <div class='ocr_carea' id='block_1_6' title="bbox 0 0 1471 5062">
    <p class='ocr_par' dir='ltr' id='par_1_11' title="bbox 0 0 1471 5062">
     <span class='ocr_line' id='line_1_38' title="bbox 0 0 1471 5062; baseline 0 0"><span class='ocrx_word' id='word_1_293' title='bbox 0 0 1471 5062; x_wconf 95' lang='lat' dir='ltr'> </span> 
     </span>
    </p>
   </div>
  </div>
 </body>
</html>
