2916 5062
630 505 666 566 17

117 668 220 726 caedes
253 687 320 725 cum
354 667 417 742 ipse
448 667 632 742 perpetravit
663 670 726 724 turn
755 686 808 741 per
830 666 902 723 alios
924 665 1087 741 perpetrari
1109 663 1187 732 sivit,

118 769 275 824 contentus
307 764 468 822 dummodo
502 764 656 823 effrenatas
689 764 867 839 cupiditates
899 784 932 822 ac
960 764 1096 821 libidines
1119 781 1188 820 suas

118 863 258 938 expleret,
292 862 481 920 crudelitates
514 865 671 920 exerceret.
714 862 788 920 Cum
810 863 930 920 fortuna
951 861 1074 929 serebat,
1098 860 1188 918 etiam

119 960 156 1018 ad
187 959 418 1018 misericordiam
454 959 712 1029 commovebatur3
743 963 814 1029 erat,
836 965 872 1017 ut
894 959 972 1034 apud
994 957 1188 1016 Plutarchum

118 1059 262 1133 scriptum
282 1062 335 1128 est,
363 1058 457 1137 „aab
471 1065 577 1118 οἴκτου
590 1058 681 1136 ὑγρὸς
695 1058 771 1117 bore
786 1054 901 1137 ῥᾳδίως
915 1053 1137 1136 ἐπιδακρύεια”
1152 1057 1188 1138 ¹).

119 1164 177 1222 Sed
205 1164 290 1222 facile
318 1163 361 1222 ira
383 1163 595 1222 incendebatur
616 1167 654 1234 et,
676 1164 761 1223 faciei
782 1163 923 1222 rubedine
945 1163 1080 1232 adaucta,
1103 1162 1189 1221 suror'

118 1262 253 1338 pericula
271 1261 440 1320 minabatur
452 1263 485 1336 2).
514 1262 678 1338 Postquam
697 1262 867 1337 conquievit
878 1264 1060 1336 mansuetus
1071 1279 1190 1335 promp-

118 1364 167 1419 tos
199 1359 299 1418 aditus
330 1359 469 1435 praebuit
489 1359 529 1432 ³);
561 1362 633 1418 tunc
662 1360 780 1418 Metella
802 1360 828 1417 ei
850 1378 982 1418 summae
1005 1377 1091 1416 curae
1113 1362 1189 1428 erat;
1260 1361 1263 1367 ’

119 1457 192 1534 quin
224 1458 313 1515 etiarn
340 1458 484 1528 inimicos
507 1458 556 1533 qui
579 1457 667 1516 bilem
692 1458 754 1516 eius
776 1476 835 1517 non
855 1460 1019 1527 moverant,
1041 1460 1094 1515 aut
1114 1474 1189 1532 qnos

119 1554 295 1614 metuendos
328 1574 385 1614 uon
418 1575 481 1614 esse
503 1554 713 1624 arbitrabatur,
735 1556 898 1630 impunitos
921 1555 1042 1612 dimisit.
1088 1554 1189 1626 „Adeo

121 1653 233 1723 Sulla”‚
265 1653 347 1728 inqui
392 1652 534 1728 Velleius,
561 1653 728 1724 „dissimilis
749 1653 807 1711 fuit
828 1653 954 1711 bellator
975 1670 1008 1710 ac
1028 1651 1125 1711 victor
1145 1654 1190 1721 nt,

125 1751 214 1823 „dum
245 1751 338 1810 vincit
369 1752 440 1822 acie,
472 1751 635 1810 iustissimo
667 1751 769 1826 lenior,
801 1755 871 1826 post
901 1750 1056 1809 victoriam
1088 1749 1190 1808 audito

124 1850 232 1920 „fuerit
264 1848 420 1907 crudelior.
461 1847 538 1906 Nam
571 1854 601 1907 et
628 1895 633 1906 .
657 1894 663 1906 .
688 1894 693 1906 .
717 1849 827 1907 multos
851 1893 857 1905 .
881 1894 887 1905 .
911 1893 917 1906 .
939 1848 1055 1922 potitus
1087 1865 1190 1905 eornm

125 1947 254 2019 „dimisit
285 1946 458 2017 incolumes
491 1946 587 2017 credo,
621 1950 657 2005 ut
685 1946 715 2003 in
744 1946 848 2005 codem
869 1946 986 2004 homine
1008 1945 1134 2020 duplicis
1156 1964 1189 2002 ac

126 2052 335 2126 „diversissimi
357 2053 446 2111 animi
466 2053 687 2127 conspiceretur
705 2045 892 2127 exemplum”
905 2051 939 2125 4).
967 2043 1040 2120 „ror
1062 2037 1190 2103 δ’ἄλλον

130 2153 265 2231 ,τρόπον
290 2145 455 2224 ἀνώμαλός
476 2173 523 2219 τις
543 2150 624 2212 ἔοικε
642 2148 841 2229 γεγονέααί),
863 2159 904 2216 ait
915 2157 1102 2227 Plutarchus,
1119 2147 1191 2226 „aul

131 2254 299 2338 „taaqopng
310 2258 522 2338 πρὸςὲαυτόα,
531 2252 707 2336 ἀφελέσθαι
719 2251 833 2332 πολλὰ,
845 2254 1035 2338 χαρίσασθαι
1046 2251 1191 2329 πλείονα,

131 2373 277 2444 „tuernout
303 2359 503 2444 παραλόγως,
529 2359 717 2443 παραλόγως
741 2361 972 2444 ἓᾳαβρίσαιῗῧ).
995 2371 1075 2441 Quae
1093 2370 1191 2427 incon·

127 2471 236 2530 stantia
267 2490 302 2528 ex
333 2491 367 2528 ea
397 2489 428 2528 re
450 2474 516 2528 orta
537 2472 581 2528 est
603 2468 684 2544 quod
706 2468 787 2526 Sulla
808 2469 1013 2544 praesentibus
1035 2467 1124 2525 animi
1146 2466 1192 2524 sui

127 2569 280 2627 affectibus
313 2570 429 2626 tantum
461 2568 532 2626 satis
564 2566 700 2638 faciebat,
733 2567 858 2625 aliorum
888 2566 997 2642 gaudia
1018 2584 1077 2625 non
1097 2565 1192 2640 magis

127 2686 217 2743 quam
239 2684 393 2724 aerumnas
415 2668 468 2723 aut
489 2664 604 2724 dolores
627 2667 767 2722 moratus.

168 2765 250 2822 Sulla
271 2783 337 2822 cum
360 2763 470 2822 amicos
492 2767 521 2821 et
532 2762 690 2838 praecipue
703 2762 810 2820 milites
823 2782 892 2821 suos
904 2761 1042 2838 praemiis
1054 2762 1192 2830 afficeret,

128 2882 186 2921 non
218 2881 321 2920 eorum
352 2861 514 2920 commodis
545 2860 772 2936 perducebatur,
805 2880 900 2936 neque
928 2879 962 2919 eo
985 2859 1138 2936 spectabat
1158 2863 1194 2916 ut

124 2962 229 3034 postea
250 2959 314 3017 aliis
336 2958 539 3017 occasionibus
562 2963 591 3017 et
613 2958 668 3016 sub
690 2959 754 3016 aliis
777 2958 901 3017 ducibus
923 2978 984 3016 rem
1007 2977 1099 3033 aeque
1122 2956 1194 3014 bene

124 3060 268 3132 gererent,
291 3057 342 3115 sed
363 3057 570 3115 tantummodo
593 3056 623 3114 id
643 3057 722 3126 fecit,
745 3059 780 3115 ut
801 3075 850 3115 eos
873 3057 929 3115 sibi
944 3057 1089 3130 obligaret
1100 3059 1193 3130 utque

125 3155 187 3231 ipse
209 3155 306 3213 animo
327 3154 503 3229 indulgeret.
525 3154 615 3212 Nulla
636 3174 667 3212 re
688 3155 783 3229 magis
806 3155 1008 3212 delectabatur
1029 3154 1193 3230 quarnhac‚

129 3252 227 3329 „quod
258 3272 344 3311 nemo
376 3253 471 3327 magis
493 3272 582 3328 quam
604 3253 667 3328 ipse
689 3253 798 3311 amicos
821 3272 890 3311 suos
911 3256 1136 3322 renunciasset,
1158 3250 1194 3309 ab

131 3351 273 3423 „inimicis
295 3352 355 3408 suis
377 3369 487 3425 poenas
510 3350 693 3420 sumsisset',
715 3351 771 3409 hoc
793 3350 906 3408 dictum
927 3350 1149 3425 insculpebatur
1166 3350 1196 3406 in

126 3448 190 3507 eius
224 3448 351 3524 sepulcri
373 3452 575 3518 monumento,
598 3451 627 3506 et
648 3447 678 3504 id
700 3447 792 3523 ipsius
814 3449 899 3506 iussu
919 3448 1031 3506 factum
1044 3458 1116 3506 'esse
1138 3451 1195 3505 tra·

126 3545 208 3604 ditur
229 3545 263 3617 ⁸).
314 3545 349 3603 ln
380 3546 490 3616 Africa,
522 3550 682 3621 postquam
715 3546 744 3603 in
776 3546 861 3603 Marii
893 3550 989 3604 castra
1019 3545 1109 3615 venit,
1138 3545 1196 3602 iam

126 3645 255 3702 militum
277 3644 389 3703 animos
412 3644 467 3702 sibi
487 3644 646 3720 praecipue
669 3644 822 3702 conciliare
839 3644 936 3720 coepit
949 3644 980 3717 ⁷).
1000 3644 1077 3702 bello
1095 3640 1196 3701 sociali

127 3742 182 3800 sub
204 3742 238 3800 L.
260 3742 365 3800 Porcio
388 3741 498 3800 Catone
520 3743 639 3800 consule
661 3742 752 3816 legati
773 3762 894 3800 munere
916 3743 1041 3816 fungens
1064 3761 1094 3799 se
1110 3741 1196 3799 nimis

126 3840 330 3915 indulgentem
351 3840 507 3915 praebuit3
529 3843 634 3916 postea
655 3840 754 3900 omnia
774 3841 919 3899 militibus
929 3841 1100 3916 permittere
1113 3839 1197 3898 insti·

163 4106 181 4169 ¹)
207 4114 275 4160 Plut.
293 4114 356 4161 ibid.
375 4116 414 4160 30.
436 4139 466 4147 -
487 4105 505 4169 ssl
524 4115 632 4161 Senecae
650 4116 695 4176 Ep.
715 4116 735 4172 I,
755 4117 794 4174 11,
812 4116 827 4161 4
848 4115 933 4171 „Sulla
951 4118 1011 4161 tnnc
1029 4116 1082 4160 erat
1100 4113 1197 4160 violen-

127 4198 244 4246 tissimus
271 4212 327 4245 curn
357 4199 447 4245 faciem
474 4199 529 4245 eius
557 4200 661 4258 sanguis
687 4199 840 4246 invaserat.’'
866 4226 896 4232 --
926 4192 944 4254 ³)
962 4199 1021 4245 Sall.
1040 4200 1068 4244 B.
1086 4199 1106 4244 I.
1126 4193 1198 4255 bb,3

130 4283 215 4338 „Sulla
241 4286 295 4329 erat
321 4284 434 4329 amicitia
461 4283 569 4330 facilis.”
591 4276 799 4341 ⁴)vell.11,25‚
821 4286 843 4330 3.
864 4309 894 4317 -
917 4276 935 4339 ⁶]
952 4284 1019 4330 Plut.
1039 4284 1108 4330 Sulla
1126 4286 1147 4329 6.
1168 4307 1198 4315 -

131 4359 150 4422 θ)
168 4368 237 4415 Plut.
256 4368 326 4415 suna
343 4369 384 4427 aa,
404 4368 447 4416 nn.
467 4393 497 4401 -
519 4359 536 4422 b
555 4369 613 4416 san.
632 4370 662 4417 Β.
683 4370 703 4416 1.
722 4371 761 4428 ec,
780 4372 802 4415 2.

1108 4418 1112 4426 ’
1135 4448 1152 4504 2
