<?xml version="1.0" encoding="UTF-8"?>
<!DOCTYPE html PUBLIC "-//W3C//DTD XHTML 1.0 Transitional//EN"
    "http://www.w3.org/TR/xhtml1/DTD/xhtml1-transitional.dtd">
<html xmlns="http://www.w3.org/1999/xhtml" xml:lang="en" lang="en">
 <head>
  <title>
</title>
<meta http-equiv="Content-Type" content="text/html;charset=utf-8" />
  <meta name='ocr-system' content='tesseract 3.04.00' />
  <meta name='ocr-capabilities' content='ocr_page ocr_carea ocr_par ocr_line ocrx_word'/>
</head>
<body>
  <div class='ocr_page' id='page_1' title='image "./quaestionessull00hoekgoog_0080.png"; bbox 0 0 2916 5062; ppageno 0'>
   <div class='ocr_carea' id='block_1_1' title="bbox 88 478 1176 3684">
    <p class='ocr_par' dir='ltr' id='par_1_1' title="bbox 88 478 1176 3684">
     <span class='ocr_line' id='line_1_1' title="bbox 627 478 664 548; baseline 0 0"><span class='ocrx_word' id='word_1_1' title='bbox 627 478 664 548; x_wconf 73' lang='lat' dir='ltr'><strong>ue</strong></span> 
     </span>
     <span class='ocr_line' id='line_1_2' title="bbox 88 635 1176 732; baseline 0 -22"><span class='ocrx_word' id='word_1_2' title='bbox 88 645 225 726; x_wconf 78' lang='grc' dir='ltr'><strong>“,,δικον</strong></span> <span class='ocrx_word' id='word_1_3' title='bbox 249 649 273 732; x_wconf 87' lang='grc'><strong>1)</strong></span> <span class='ocrx_word' id='word_1_4' title='bbox 317 651 514 728; x_wconf 73' lang='grc' dir='ltr'><strong>ἐκφυγόντας</strong></span> <span class='ocrx_word' id='word_1_5' title='bbox 554 646 785 728; x_wconf 67' lang='grc' dir='ltr'><strong>ὑποδεξάμενος</strong></span> <span class='ocrx_word' id='word_1_6' title='bbox 832 650 883 710; x_wconf 82' lang='grc' dir='ltr'><strong>καὶ</strong></span> <span class='ocrx_word' id='word_1_7' title='bbox 927 635 1176 731; x_wconf 70' lang='grc' dir='ltr'><em>φιλοφρονηθεὶς</em></span> 
     </span>
     <span class='ocr_line' id='line_1_3' title="bbox 119 751 1175 840; baseline 0.009 -25"><span class='ocrx_word' id='word_1_8' title='bbox 119 753 220 836; x_wconf 71' lang='grc' dir='ltr'><strong>,δῶρα</strong></span> <span class='ocrx_word' id='word_1_9' title='bbox 245 755 296 815; x_wconf 78' lang='grc' dir='ltr'><strong>καὶ</strong></span> <span class='ocrx_word' id='word_1_10' title='bbox 322 757 448 834; x_wconf 74' lang='grc' dir='ltr'>πομπὴν</span> <span class='ocrx_word' id='word_1_11' title='bbox 473 751 597 834; x_wconf 67' lang='grc' dir='ltr'><em>ἀσφαλῆ</em></span> <span class='ocrx_word' id='word_1_12' title='bbox 610 755 782 840; x_wconf 80' lang='grc' dir='ltr'><em>παρασχὼν</em></span> <span class='ocrx_word' id='word_1_13' title='bbox 795 751 1014 818; x_wconf 64' lang='grc' dir='ltr'><em>(ὶπέστειλεν.”</em></span> <span class='ocrx_word' id='word_1_14' title='bbox 1035 764 1059 822; x_wconf 85' lang='grc' dir='ltr'>Ε</span> <span class='ocrx_word' id='word_1_15' title='bbox 1082 765 1175 823; x_wconf 88' lang='lat' dir='ltr'><strong>Sallu·</strong></span> 
     </span>
     <span class='ocr_line' id='line_1_4' title="bbox 109 861 1174 937; baseline 0.001 -17"><span class='ocrx_word' id='word_1_16' title='bbox 109 863 169 921; x_wconf 82' lang='lat' dir='ltr'><strong>stio</strong></span> <span class='ocrx_word' id='word_1_17' title='bbox 195 861 307 921; x_wconf 83' lang='lat' dir='ltr'><strong>Sullam</strong></span> <span class='ocrx_word' id='word_1_18' title='bbox 327 863 442 937; x_wconf 83' lang='lat' dir='ltr'><strong>legatos</strong></span> <span class='ocrx_word' id='word_1_19' title='bbox 464 881 522 920; x_wconf 93' lang='lat' dir='ltr'><strong>non</strong></span> <span class='ocrx_word' id='word_1_20' title='bbox 544 883 561 919; x_wconf 91' lang='lat' dir='ltr'><strong>a</strong></span> <span class='ocrx_word' id='word_1_21' title='bbox 582 881 612 921; x_wconf 90' lang='lat' dir='ltr'><strong>se</strong></span> <span class='ocrx_word' id='word_1_22' title='bbox 634 861 779 922; x_wconf 83' lang='lat' dir='ltr'><strong>dimisisse</strong></span> <span class='ocrx_word' id='word_1_23' title='bbox 801 863 853 921; x_wconf 91' lang='lat' dir='ltr'><strong>sed</strong></span> <span class='ocrx_word' id='word_1_24' title='bbox 874 882 924 922; x_wconf 91' lang='lat' dir='ltr'><strong>eos</strong></span> <span class='ocrx_word' id='word_1_25' title='bbox 946 881 1047 921; x_wconf 89' lang='lat' dir='ltr'><strong>secum</strong></span> <span class='ocrx_word' id='word_1_26' title='bbox 1069 861 1174 921; x_wconf 89' lang='lat' dir='ltr'><strong>Uticae</strong></span> 
     </span>
     <span class='ocr_line' id='line_1_5' title="bbox 106 959 1174 1040; baseline 0 -23"><span class='ocrx_word' id='word_1_27' title='bbox 106 960 271 1018; x_wconf 83' lang='lat' dir='ltr'><strong>retinuisse·</strong></span> <span class='ocrx_word' id='word_1_28' title='bbox 297 964 327 1019; x_wconf 89' lang='lat' dir='ltr'><strong>et</strong></span> <span class='ocrx_word' id='word_1_29' title='bbox 358 964 428 1035; x_wconf 93' lang='lat' dir='ltr'><strong>post</strong></span> <span class='ocrx_word' id='word_1_30' title='bbox 458 959 655 1035; x_wconf 86' lang='lat' dir='ltr'><strong>quadraginta</strong></span> <span class='ocrx_word' id='word_1_31' title='bbox 683 959 744 1018; x_wconf 92' lang='lat' dir='ltr'><strong>dies</strong></span> <span class='ocrx_word' id='word_1_32' title='bbox 772 980 831 1019; x_wconf 90' lang='lat' dir='ltr'><strong>uua</strong></span> <span class='ocrx_word' id='word_1_33' title='bbox 853 980 921 1019; x_wconf 91' lang='lat' dir='ltr'><strong>cum</strong></span> <span class='ocrx_word' id='word_1_34' title='bbox 942 960 984 1019; x_wconf 92' lang='lat' dir='ltr'><strong>eis</strong></span> <span class='ocrx_word' id='word_1_35' title='bbox 1006 960 1117 1040; x_wconf 78' lang='lat' dir='ltr'><strong>Cirtam</strong></span> <span class='ocrx_word' id='word_1_36' title='bbox 1138 960 1174 1018; x_wconf 90' lang='lat' dir='ltr'><strong>ad</strong></span> 
     </span>
     <span class='ocr_line' id='line_1_6' title="bbox 108 1057 1174 1134; baseline 0.001 -18"><span class='ocrx_word' id='word_1_37' title='bbox 108 1057 236 1116; x_wconf 81' lang='lat' dir='ltr'><strong>Marium</strong></span> <span class='ocrx_word' id='word_1_38' title='bbox 257 1058 423 1134; x_wconf 87' lang='lat' dir='ltr'><strong>profectum</strong></span> <span class='ocrx_word' id='word_1_39' title='bbox 446 1077 509 1117; x_wconf 89' lang='lat' dir='ltr'><strong>esse</strong></span> <span class='ocrx_word' id='word_1_40' title='bbox 531 1058 589 1116; x_wconf 91' lang='lat' dir='ltr'><strong>iam</strong></span> <span class='ocrx_word' id='word_1_41' title='bbox 612 1058 805 1133; x_wconf 84' lang='lat' dir='ltr'><strong>cognovimus</strong></span> <span class='ocrx_word' id='word_1_42' title='bbox 827 1057 862 1130; x_wconf 65' lang='lat'><strong>2).</strong></span> <span class='ocrx_word' id='word_1_43' title='bbox 905 1058 963 1116; x_wconf 91' lang='lat' dir='ltr'><strong>Sed</strong></span> <span class='ocrx_word' id='word_1_44' title='bbox 984 1061 1014 1117; x_wconf 89' lang='lat' dir='ltr'><strong>et</strong></span> <span class='ocrx_word' id='word_1_45' title='bbox 1035 1058 1174 1117; x_wconf 82' lang='lat' dir='ltr'><strong>hocloco</strong></span> 
     </span>
     <span class='ocr_line' id='line_1_7' title="bbox 116 1155 1175 1231; baseline -0.002 -17"><span class='ocrx_word' id='word_1_46' title='bbox 116 1175 238 1215; x_wconf 88' lang='lat' dir='ltr'><strong>errorem</strong></span> <span class='ocrx_word' id='word_1_47' title='bbox 269 1156 421 1214; x_wconf 75' lang='lat' dir='ltr'><strong>Plutarchi</strong></span> <span class='ocrx_word' id='word_1_48' title='bbox 453 1156 669 1231; x_wconf 88' lang='lat' dir='ltr'><strong>deprendimus.</strong></span> <span class='ocrx_word' id='word_1_49' title='bbox 705 1156 838 1215; x_wconf 90' lang='lat' dir='ltr'><strong>Sallustii</strong></span> <span class='ocrx_word' id='word_1_50' title='bbox 859 1155 961 1215; x_wconf 89' lang='lat' dir='ltr'><strong>verba:</strong></span> <span class='ocrx_word' id='word_1_51' title='bbox 988 1155 1072 1227; x_wconf 91' lang='lat' dir='ltr'><strong>,dein</strong></span> <span class='ocrx_word' id='word_1_52' title='bbox 1093 1155 1175 1213; x_wconf 91' lang='lat' dir='ltr'><strong>Sulla</strong></span> 
     </span>
     <span class='ocr_line' id='line_1_8' title="bbox 118 1252 1175 1329; baseline -0.003 -16"><span class='ocrx_word' id='word_1_53' title='bbox 118 1254 228 1325; x_wconf 92' lang='lat' dir='ltr'><strong>,omnia</strong></span> <span class='ocrx_word' id='word_1_54' title='bbox 258 1254 400 1329; x_wconf 90' lang='lat' dir='ltr'><strong>pollicito,</strong></span> <span class='ocrx_word' id='word_1_55' title='bbox 415 1318 419 1326; x_wconf 55' lang='grc'><strong>,</strong></span> <span class='ocrx_word' id='word_1_56' title='bbox 433 1253 513 1312; x_wconf 88' lang='lat' dir='ltr'><strong>docti</strong></span> <span class='ocrx_word' id='word_1_57' title='bbox 544 1273 603 1329; x_wconf 94' lang='lat' dir='ltr'><strong>quo</strong></span> <span class='ocrx_word' id='word_1_58' title='bbox 635 1254 724 1313; x_wconf 89' lang='lat' dir='ltr'><strong>modo</strong></span> <span class='ocrx_word' id='word_1_59' title='bbox 753 1253 831 1329; x_wconf 93' lang='lat' dir='ltr'><strong>apud</strong></span> <span class='ocrx_word' id='word_1_60' title='bbox 853 1253 981 1311; x_wconf 93' lang='lat' dir='ltr'><strong>Marium</strong></span> <span class='ocrx_word' id='word_1_61' title='bbox 1002 1253 1074 1311; x_wconf 89' lang='lat' dir='ltr'><strong>item</strong></span> <span class='ocrx_word' id='word_1_62' title='bbox 1095 1252 1175 1329; x_wconf 88' lang='lat' dir='ltr'><strong>apud</strong></span> 
     </span>
     <span class='ocr_line' id='line_1_9' title="bbox 118 1351 1174 1426; baseline -0.003 -15"><span class='ocrx_word' id='word_1_63' title='bbox 118 1356 265 1423; x_wconf 88' lang='lat' dir='ltr'><strong>,senatum</strong></span> <span class='ocrx_word' id='word_1_64' title='bbox 296 1352 385 1410; x_wconf 89' lang='lat' dir='ltr'><strong>verba</strong></span> <span class='ocrx_word' id='word_1_65' title='bbox 415 1352 564 1410; x_wconf 80' lang='lat' dir='ltr'><strong>facerent’&#39;</strong></span> <span class='ocrx_word' id='word_1_66' title='bbox 586 1351 619 1426; x_wconf 70' lang='grc'><strong>3),</strong></span> <span class='ocrx_word' id='word_1_67' title='bbox 651 1352 735 1411; x_wconf 90' lang='lat' dir='ltr'><strong>illum</strong></span> <span class='ocrx_word' id='word_1_68' title='bbox 766 1352 940 1410; x_wconf 77' lang='lat' dir='ltr'><strong>festinanter</strong></span> <span class='ocrx_word' id='word_1_69' title='bbox 968 1352 1115 1426; x_wconf 86' lang='lat' dir='ltr'><strong>legentem</strong></span> <span class='ocrx_word' id='word_1_70' title='bbox 1144 1351 1174 1409; x_wconf 91' lang='lat' dir='ltr'><strong>in</strong></span> 
     </span>
     <span class='ocr_line' id='line_1_10' title="bbox 115 1449 1173 1531; baseline 0.001 -23"><span class='ocrx_word' id='word_1_71' title='bbox 115 1469 177 1509; x_wconf 90' lang='lat' dir='ltr'><strong>eum</strong></span> <span class='ocrx_word' id='word_1_72' title='bbox 206 1470 335 1509; x_wconf 91' lang='lat' dir='ltr'><strong>errorem</strong></span> <span class='ocrx_word' id='word_1_73' title='bbox 355 1451 542 1522; x_wconf 86' lang='lat' dir='ltr'><strong>induxerunt,</strong></span> <span class='ocrx_word' id='word_1_74' title='bbox 564 1454 600 1509; x_wconf 92' lang='lat' dir='ltr'><strong>ut</strong></span> <span class='ocrx_word' id='word_1_75' title='bbox 620 1454 740 1526; x_wconf 90' lang='lat' dir='ltr'><strong>putaret</strong></span> <span class='ocrx_word' id='word_1_76' title='bbox 761 1451 915 1531; x_wconf 13' lang='lat' dir='ltr'><strong>legatos‘a</strong></span> <span class='ocrx_word' id='word_1_77' title='bbox 936 1449 1019 1508; x_wconf 88' lang='lat' dir='ltr'><strong>Sulla</strong></span> <span class='ocrx_word' id='word_1_78' title='bbox 1037 1449 1173 1509; x_wconf 90' lang='lat' dir='ltr'><strong>dimissos</strong></span> 
     </span>
     <span class='ocr_line' id='line_1_11' title="bbox 114 1567 180 1607; baseline 0.015 -1"><span class='ocrx_word' id='word_1_79' title='bbox 114 1567 180 1607; x_wconf 87' lang='lat' dir='ltr'><strong>esse.</strong></span> 
     </span>
     <span class='ocr_line' id='line_1_12' title="bbox 112 1642 1174 1723; baseline -0.002 -18"><span class='ocrx_word' id='word_1_80' title='bbox 112 1665 114 1670; x_wconf 87' lang='lat'>·</span> <span class='ocrx_word' id='word_1_81' title='bbox 149 1642 296 1706; x_wconf 82' lang='lat' dir='ltr'><strong>Velleius</strong></span> <span class='ocrx_word' id='word_1_82' title='bbox 316 1647 340 1721; x_wconf 78' lang='grc'><strong>4)</strong></span> <span class='ocrx_word' id='word_1_83' title='bbox 363 1646 398 1705; x_wconf 95' lang='lat' dir='ltr'><strong>de</strong></span> <span class='ocrx_word' id='word_1_84' title='bbox 420 1646 461 1705; x_wconf 91' lang='lat' dir='ltr'><strong>eis</strong></span> <span class='ocrx_word' id='word_1_85' title='bbox 479 1646 567 1706; x_wconf 92' lang='lat' dir='ltr'><strong>rebus</strong></span> <span class='ocrx_word' id='word_1_86' title='bbox 585 1666 644 1706; x_wconf 93' lang='lat' dir='ltr'><strong>non</strong></span> <span class='ocrx_word' id='word_1_87' title='bbox 655 1647 742 1723; x_wconf 93' lang='lat' dir='ltr'><strong>plura</strong></span> <span class='ocrx_word' id='word_1_88' title='bbox 753 1646 926 1723; x_wconf 90' lang='lat' dir='ltr'><strong>disputavit,</strong></span> <span class='ocrx_word' id='word_1_89' title='bbox 938 1665 1033 1721; x_wconf 87' lang='lat' dir='ltr'><strong>neque</strong></span> <span class='ocrx_word' id='word_1_90' title='bbox 1045 1647 1174 1722; x_wconf 89' lang='lat' dir='ltr'><strong>epitome</strong></span> 
     </span>
     <span class='ocr_line' id='line_1_13' title="bbox 112 1740 1174 1821; baseline -0.001 -19"><span class='ocrx_word' id='word_1_91' title='bbox 112 1745 160 1803; x_wconf 71' lang='lat'><strong>66⁸</strong></span> <span class='ocrx_word' id='word_1_92' title='bbox 184 1744 261 1803; x_wconf 89' lang='lat' dir='ltr'><strong>Livii</strong></span> <span class='ocrx_word' id='word_1_93' title='bbox 291 1763 345 1803; x_wconf 89' lang='lat' dir='ltr'><strong>nos</strong></span> <span class='ocrx_word' id='word_1_94' title='bbox 377 1744 515 1804; x_wconf 78' lang='lat' dir='ltr'><strong>certiores</strong></span> <span class='ocrx_word' id='word_1_95' title='bbox 547 1745 627 1816; x_wconf 90' lang='lat' dir='ltr'><strong>facit,</strong></span> <span class='ocrx_word' id='word_1_96' title='bbox 661 1765 756 1820; x_wconf 90' lang='lat' dir='ltr'><strong>neque</strong></span> <span class='ocrx_word' id='word_1_97' title='bbox 789 1745 882 1821; x_wconf 82' lang='lat' dir='ltr'><strong>magis</strong></span> <span class='ocrx_word' id='word_1_98' title='bbox 905 1740 1022 1802; x_wconf 77' lang='lat' dir='ltr'><strong>Florus</strong></span> <span class='ocrx_word' id='word_1_99' title='bbox 1043 1743 1068 1817; x_wconf 80' lang='lat'><strong>⁵)</strong></span> <span class='ocrx_word' id='word_1_100' title='bbox 1089 1763 1174 1803; x_wconf 89' lang='lat' dir='ltr'><strong>resa</strong></span> 
     </span>
     <span class='ocr_line' id='line_1_14' title="bbox 115 1841 1173 1918; baseline -0.001 -18"><span class='ocrx_word' id='word_1_101' title='bbox 115 1841 250 1902; x_wconf 82' lang='lat' dir='ltr'><strong>Sallustio</strong></span> <span class='ocrx_word' id='word_1_102' title='bbox 282 1843 481 1918; x_wconf 79' lang='lat' dir='ltr'><strong>discrepantes</strong></span> <span class='ocrx_word' id='word_1_103' title='bbox 513 1843 653 1918; x_wconf 87' lang='lat' dir='ltr'><strong>prodidit.</strong></span> <span class='ocrx_word' id='word_1_104' title='bbox 695 1843 830 1902; x_wconf 88' lang='lat' dir='ltr'><strong>Breviter</strong></span> <span class='ocrx_word' id='word_1_105' title='bbox 861 1843 962 1902; x_wconf 91' lang='lat' dir='ltr'><strong>dolum</strong></span> <span class='ocrx_word' id='word_1_106' title='bbox 991 1842 1093 1917; x_wconf 87' lang='lat' dir='ltr'><strong>attigit</strong></span> <span class='ocrx_word' id='word_1_107' title='bbox 1114 1861 1173 1918; x_wconf 94' lang='lat' dir='ltr'><strong>quo</strong></span> 
     </span>
     <span class='ocr_line' id='line_1_15' title="bbox 114 1940 1173 2017; baseline 0 -19"><span class='ocrx_word' id='word_1_108' title='bbox 114 1943 272 2011; x_wconf 90' lang='lat' dir='ltr'><strong>castellum,</strong></span> <span class='ocrx_word' id='word_1_109' title='bbox 305 1941 341 2000; x_wconf 92' lang='lat' dir='ltr'><strong>ad</strong></span> <span class='ocrx_word' id='word_1_110' title='bbox 368 1941 557 1999; x_wconf 85' lang='lat' dir='ltr'><strong>Muluccham</strong></span> <span class='ocrx_word' id='word_1_111' title='bbox 582 1941 692 1999; x_wconf 88' lang='lat' dir='ltr'><strong>flumen</strong></span> <span class='ocrx_word' id='word_1_112' title='bbox 714 1942 813 2012; x_wconf 86' lang='lat' dir='ltr'><strong>situm,</strong></span> <span class='ocrx_word' id='word_1_113' title='bbox 836 1945 956 2017; x_wconf 85' lang='lat' dir='ltr'><strong>captum</strong></span> <span class='ocrx_word' id='word_1_114' title='bbox 978 1943 1032 2012; x_wconf 90' lang='lat' dir='ltr'><strong>est,</strong></span> <span class='ocrx_word' id='word_1_115' title='bbox 1054 1940 1173 2014; x_wconf 84' lang='lat' dir='ltr'><strong>Liguris</strong></span> 
     </span>
     <span class='ocr_line' id='line_1_16' title="bbox 112 2037 1172 2115; baseline 0 -19"><span class='ocrx_word' id='word_1_116' title='bbox 112 2040 220 2110; x_wconf 91' lang='lat' dir='ltr'><strong>militis,</strong></span> <span class='ocrx_word' id='word_1_117' title='bbox 242 2039 278 2098; x_wconf 95' lang='lat' dir='ltr'><strong>de</strong></span> <span class='ocrx_word' id='word_1_118' title='bbox 300 2058 359 2115; x_wconf 91' lang='lat' dir='ltr'><strong>quo</strong></span> <span class='ocrx_word' id='word_1_119' title='bbox 381 2039 539 2097; x_wconf 82' lang='lat' dir='ltr'><strong>Sallustius</strong></span> <span class='ocrx_word' id='word_1_120' title='bbox 559 2039 759 2114; x_wconf 90' lang='lat' dir='ltr'><strong>copiosissime</strong></span> <span class='ocrx_word' id='word_1_121' title='bbox 779 2039 861 2109; x_wconf 81' lang='lat' dir='ltr'><strong>dixit,</strong></span> <span class='ocrx_word' id='word_1_122' title='bbox 874 2038 1052 2096; x_wconf 89' lang='lat' dir='ltr'><strong>mentionem</strong></span> <span class='ocrx_word' id='word_1_123' title='bbox 1064 2037 1172 2110; x_wconf 88' lang='lat' dir='ltr'><strong>iniecit,</strong></span> 
     </span>
     <span class='ocr_line' id='line_1_17' title="bbox 110 2135 1172 2212; baseline 0 -18"><span class='ocrx_word' id='word_1_124' title='bbox 110 2137 263 2209; x_wconf 89' lang='lat' dir='ltr'><strong>proelium,</strong></span> <span class='ocrx_word' id='word_1_125' title='bbox 295 2156 354 2212; x_wconf 89' lang='lat' dir='ltr'><strong>quo</strong></span> <span class='ocrx_word' id='word_1_126' title='bbox 386 2136 423 2194; x_wconf 89' lang='lat' dir='ltr'><strong>ad</strong></span> <span class='ocrx_word' id='word_1_127' title='bbox 456 2136 566 2194; x_wconf 77' lang='lat' dir='ltr'><strong>Cirtam</strong></span> <span class='ocrx_word' id='word_1_128' title='bbox 599 2136 739 2194; x_wconf 88' lang='lat' dir='ltr'><strong>adversus</strong></span> <span class='ocrx_word' id='word_1_129' title='bbox 771 2136 948 2210; x_wconf 86' lang='lat' dir='ltr'><strong>Iugurtham</strong></span> <span class='ocrx_word' id='word_1_130' title='bbox 970 2138 1000 2194; x_wconf 89' lang='lat' dir='ltr'><strong>et</strong></span> <span class='ocrx_word' id='word_1_131' title='bbox 1020 2135 1172 2195; x_wconf 88' lang='lat' dir='ltr'><strong>Bocchum</strong></span> 
     </span>
     <span class='ocr_line' id='line_1_18' title="bbox 109 2232 1172 2309; baseline 0.001 -18"><span class='ocrx_word' id='word_1_132' title='bbox 109 2238 254 2293; x_wconf 89' lang='lat' dir='ltr'><strong>certatum</strong></span> <span class='ocrx_word' id='word_1_133' title='bbox 286 2237 339 2301; x_wconf 90' lang='lat' dir='ltr'><strong>est,</strong></span> <span class='ocrx_word' id='word_1_134' title='bbox 371 2236 545 2309; x_wconf 87' lang='lat' dir='ltr'><strong>persecutus</strong></span> <span class='ocrx_word' id='word_1_135' title='bbox 567 2236 621 2305; x_wconf 92' lang='lat' dir='ltr'><strong>est,</strong></span> <span class='ocrx_word' id='word_1_136' title='bbox 644 2233 721 2292; x_wconf 88' lang='lat' dir='ltr'><strong>Livii</strong></span> <span class='ocrx_word' id='word_1_137' title='bbox 742 2234 871 2292; x_wconf 88' lang='lat' dir='ltr'><strong>auctoris</strong></span> <span class='ocrx_word' id='word_1_138' title='bbox 893 2232 1033 2292; x_wconf 89' lang='lat' dir='ltr'><strong>indicium</strong></span> <span class='ocrx_word' id='word_1_139' title='bbox 1056 2233 1107 2291; x_wconf 93' lang='lat' dir='ltr'><strong>dat</strong></span> <span class='ocrx_word' id='word_1_140' title='bbox 1127 2234 1172 2292; x_wconf 94' lang='lat' dir='ltr'><strong>his</strong></span> 
     </span>
     <span class='ocr_line' id='line_1_19' title="bbox 106 2331 1172 2408; baseline 0.001 -20"><span class='ocrx_word' id='word_1_141' title='bbox 106 2333 224 2392; x_wconf 84' lang='lat' dir='ltr'><strong>verbis:</strong></span> <span class='ocrx_word' id='word_1_142' title='bbox 251 2353 325 2404; x_wconf 89' lang='lat' dir='ltr'><strong>,non</strong></span> <span class='ocrx_word' id='word_1_143' title='bbox 346 2333 444 2408; x_wconf 92' lang='lat' dir='ltr'><strong>ipsum</strong></span> <span class='ocrx_word' id='word_1_144' title='bbox 466 2331 669 2408; x_wconf 81' lang='lat' dir='ltr'><strong>(Iugurtham)</strong></span> <span class='ocrx_word' id='word_1_145' title='bbox 695 2332 799 2404; x_wconf 90' lang='lat' dir='ltr'><strong>,modo</strong></span> <span class='ocrx_word' id='word_1_146' title='bbox 822 2332 873 2390; x_wconf 93' lang='lat' dir='ltr'><strong>sed</strong></span> <span class='ocrx_word' id='word_1_147' title='bbox 893 2331 1172 2408; x_wconf 82' lang='lat' dir='ltr'><strong>Bacchumquoque,</strong></span> 
     </span>
     <span class='ocr_line' id='line_1_20' title="bbox 103 2428 1172 2506; baseline -0.002 -17"><span class='ocrx_word' id='word_1_148' title='bbox 103 2432 327 2500; x_wconf 71' lang='lat' dir='ltr'><strong>,Mauretaniae</strong></span> <span class='ocrx_word' id='word_1_149' title='bbox 358 2449 468 2506; x_wconf 86' lang='lat' dir='ltr'><strong>regem,</strong></span> <span class='ocrx_word' id='word_1_150' title='bbox 495 2431 626 2505; x_wconf 85' lang='lat' dir='ltr'><strong>graviter</strong></span> <span class='ocrx_word' id='word_1_151' title='bbox 648 2430 781 2500; x_wconf 83' lang='lat' dir='ltr'><strong>cecidit&#39;’,</strong></span> <span class='ocrx_word' id='word_1_152' title='bbox 804 2449 872 2487; x_wconf 90' lang='lat' dir='ltr'><strong>nam</strong></span> <span class='ocrx_word' id='word_1_153' title='bbox 894 2429 923 2486; x_wconf 93' lang='lat' dir='ltr'><strong>in</strong></span> <span class='ocrx_word' id='word_1_154' title='bbox 945 2429 1073 2504; x_wconf 88' lang='lat' dir='ltr'><strong>epitome</strong></span> <span class='ocrx_word' id='word_1_155' title='bbox 1095 2428 1172 2487; x_wconf 90' lang='lat' dir='ltr'><strong>Livii</strong></span> 
     </span>
     <span class='ocr_line' id='line_1_21' title="bbox 102 2526 1171 2606; baseline 0.001 -22"><span class='ocrx_word' id='word_1_156' title='bbox 102 2527 146 2589; x_wconf 90' lang='lat' dir='ltr'><strong>ita</strong></span> <span class='ocrx_word' id='word_1_157' title='bbox 180 2530 324 2606; x_wconf 85' lang='lat' dir='ltr'><strong>scriptum</strong></span> <span class='ocrx_word' id='word_1_158' title='bbox 354 2532 418 2587; x_wconf 88' lang='lat' dir='ltr'><strong>est:</strong></span> <span class='ocrx_word' id='word_1_159' title='bbox 451 2529 559 2600; x_wconf 90' lang='lat' dir='ltr'><strong>,eaesis</strong></span> <span class='ocrx_word' id='word_1_160' title='bbox 597 2529 710 2604; x_wconf 91' lang='lat' dir='ltr'><strong>proelio</strong></span> <span class='ocrx_word' id='word_1_161' title='bbox 742 2528 853 2586; x_wconf 90' lang='lat' dir='ltr'><strong>Bocchi</strong></span> <span class='ocrx_word' id='word_1_162' title='bbox 873 2547 981 2604; x_wconf 81' lang='lat' dir='ltr'><strong>quoquc</strong></span> <span class='ocrx_word' id='word_1_163' title='bbox 1003 2527 1114 2603; x_wconf 86' lang='lat' dir='ltr'><strong>copiis’&#39;</strong></span> <span class='ocrx_word' id='word_1_164' title='bbox 1137 2526 1171 2598; x_wconf 81' lang='lat'><strong>6).</strong></span> 
     </span>
     <span class='ocr_line' id='line_1_22' title="bbox 101 2623 1170 2702; baseline -0.002 -16"><span class='ocrx_word' id='word_1_165' title='bbox 101 2626 246 2688; x_wconf 82' lang='lat' dir='ltr'><strong>Ceterum</strong></span> <span class='ocrx_word' id='word_1_166' title='bbox 267 2647 301 2686; x_wconf 89' lang='lat' dir='ltr'><strong>ea</strong></span> <span class='ocrx_word' id='word_1_167' title='bbox 322 2623 463 2700; x_wconf 82' lang='lat' dir='ltr'><strong>epitome</strong></span> <span class='ocrx_word' id='word_1_168' title='bbox 484 2626 557 2685; x_wconf 91' lang='lat' dir='ltr'><strong>nihil</strong></span> <span class='ocrx_word' id='word_1_169' title='bbox 578 2628 664 2688; x_wconf 89' lang='lat' dir='ltr'><strong>affert</strong></span> <span class='ocrx_word' id='word_1_170' title='bbox 684 2626 765 2702; x_wconf 92' lang='lat' dir='ltr'><strong>quod</strong></span> <span class='ocrx_word' id='word_1_171' title='bbox 785 2629 952 2685; x_wconf 89' lang='lat' dir='ltr'><strong>memoratu</strong></span> <span class='ocrx_word' id='word_1_172' title='bbox 973 2626 1096 2700; x_wconf 82' lang='lat' dir='ltr'><strong>dignum</strong></span> <span class='ocrx_word' id='word_1_173' title='bbox 1117 2630 1170 2685; x_wconf 90' lang='lat' dir='ltr'><strong>est.</strong></span> 
     </span>
     <span class='ocr_line' id='line_1_23' title="bbox 100 2721 1171 2804; baseline -0.002 -20"><span class='ocrx_word' id='word_1_174' title='bbox 100 2721 258 2804; x_wconf 72' lang='lat' dir='ltr'><strong>Orosius⁸</strong></span> <span class='ocrx_word' id='word_1_175' title='bbox 275 2728 310 2784; x_wconf 92' lang='lat' dir='ltr'><strong>ut</strong></span> <span class='ocrx_word' id='word_1_176' title='bbox 342 2725 500 2784; x_wconf 88' lang='lat' dir='ltr'><strong>Sallustius</strong></span> <span class='ocrx_word' id='word_1_177' title='bbox 522 2725 649 2784; x_wconf 89' lang='lat' dir='ltr'><strong>duorum</strong></span> <span class='ocrx_word' id='word_1_178' title='bbox 672 2725 865 2784; x_wconf 88' lang='lat' dir='ltr'><strong>certaminum</strong></span> <span class='ocrx_word' id='word_1_179' title='bbox 885 2724 1065 2783; x_wconf 85' lang='lat' dir='ltr'><strong>mentionem</strong></span> <span class='ocrx_word' id='word_1_180' title='bbox 1085 2724 1171 2795; x_wconf 83' lang='lat' dir='ltr'><strong>fecit3</strong></span> 
     </span>
     <span class='ocr_line' id='line_1_24' title="bbox 98 2821 1170 2899; baseline -0.003 -17"><span class='ocrx_word' id='word_1_181' title='bbox 98 2825 189 2898; x_wconf 88' lang='lat' dir='ltr'><strong>prius</strong></span> <span class='ocrx_word' id='word_1_182' title='bbox 213 2824 361 2899; x_wconf 85' lang='lat' dir='ltr'><strong>copiosius</strong></span> <span class='ocrx_word' id='word_1_183' title='bbox 383 2823 435 2882; x_wconf 90' lang='lat' dir='ltr'><strong>sed</strong></span> <span class='ocrx_word' id='word_1_184' title='bbox 457 2824 542 2881; x_wconf 89' lang='lat' dir='ltr'><strong>aliter</strong></span> <span class='ocrx_word' id='word_1_185' title='bbox 563 2826 651 2899; x_wconf 86' lang='lat' dir='ltr'><strong>atque</strong></span> <span class='ocrx_word' id='word_1_186' title='bbox 673 2822 832 2881; x_wconf 89' lang='lat' dir='ltr'><strong>Sallustius</strong></span> <span class='ocrx_word' id='word_1_187' title='bbox 853 2825 1026 2898; x_wconf 89' lang='lat' dir='ltr'><strong>persecutus</strong></span> <span class='ocrx_word' id='word_1_188' title='bbox 1042 2821 1170 2897; x_wconf 84' lang='lat' dir='ltr'><strong>⁷)plura,</strong></span> 
     </span>
     <span class='ocr_line' id='line_1_25' title="bbox 99 2919 1171 2995; baseline -0.002 -14"><span class='ocrx_word' id='word_1_189' title='bbox 99 2927 139 2981; x_wconf 91' lang='lat' dir='ltr'><strong>ut</strong></span> <span class='ocrx_word' id='word_1_190' title='bbox 177 2923 237 2980; x_wconf 92' lang='lat' dir='ltr'><strong>iam</strong></span> <span class='ocrx_word' id='word_1_191' title='bbox 274 2921 439 2981; x_wconf 88' lang='lat' dir='ltr'><strong>videbimus</strong></span> <span class='ocrx_word' id='word_1_192' title='bbox 477 2921 595 2980; x_wconf 89' lang='lat' dir='ltr'><strong>aliunde</strong></span> <span class='ocrx_word' id='word_1_193' title='bbox 633 2922 744 2995; x_wconf 83' lang='lat' dir='ltr'><strong>ignota,</strong></span> <span class='ocrx_word' id='word_1_194' title='bbox 778 2920 812 2979; x_wconf 93' lang='lat' dir='ltr'><strong>de</strong></span> <span class='ocrx_word' id='word_1_195' title='bbox 847 2940 880 2979; x_wconf 89' lang='lat' dir='ltr'><strong>ea</strong></span> <span class='ocrx_word' id='word_1_196' title='bbox 912 2919 1085 2995; x_wconf 85' lang='lat' dir='ltr'><strong>disputavit.</strong></span> <span class='ocrx_word' id='word_1_197' title='bbox 1110 2920 1171 2979; x_wconf 72' lang='lat' dir='ltr'><strong>vDe</strong></span> 
     </span>
     <span class='ocr_line' id='line_1_26' title="bbox 100 3018 1171 3096; baseline -0.004 -18"><span class='ocrx_word' id='word_1_198' title='bbox 100 3021 199 3079; x_wconf 89' lang='lat' dir='ltr'><strong>altero</strong></span> <span class='ocrx_word' id='word_1_199' title='bbox 221 3019 309 3096; x_wconf 88' lang='lat' dir='ltr'><strong>quod,</strong></span> <span class='ocrx_word' id='word_1_200' title='bbox 332 3020 396 3078; x_wconf 87' lang='lat' dir='ltr'><strong>aliis</strong></span> <span class='ocrx_word' id='word_1_201' title='bbox 417 3019 514 3079; x_wconf 84' lang='lat' dir='ltr'><strong>verbis</strong></span> <span class='ocrx_word' id='word_1_202' title='bbox 537 3023 625 3095; x_wconf 91' lang='lat' dir='ltr'><strong>atque</strong></span> <span class='ocrx_word' id='word_1_203' title='bbox 647 3019 805 3078; x_wconf 86' lang='lat' dir='ltr'><strong>Sallustius</strong></span> <span class='ocrx_word' id='word_1_204' title='bbox 823 3018 847 3092; x_wconf 81' lang='grc'><strong>8)</strong></span> <span class='ocrx_word' id='word_1_205' title='bbox 868 3037 950 3088; x_wconf 91' lang='lat' dir='ltr'><strong>usus,</strong></span> <span class='ocrx_word' id='word_1_206' title='bbox 968 3018 1070 3092; x_wconf 90' lang='lat' dir='ltr'><strong>paucis</strong></span> <span class='ocrx_word' id='word_1_207' title='bbox 1082 3018 1171 3093; x_wconf 86' lang='lat' dir='ltr'><strong>expli-</strong></span> 
     </span>
     <span class='ocr_line' id='line_1_27' title="bbox 102 3115 1170 3193; baseline -0.003 -17"><span class='ocrx_word' id='word_1_208' title='bbox 102 3119 185 3177; x_wconf 85' lang='lat' dir='ltr'><strong>eavit</strong></span> <span class='ocrx_word' id='word_1_209' title='bbox 206 3117 229 3192; x_wconf 82' lang='lat'><strong>9)</strong></span> <span class='ocrx_word' id='word_1_210' title='bbox 251 3122 350 3176; x_wconf 90' lang='lat' dir='ltr'><strong>narrat</strong></span> <span class='ocrx_word' id='word_1_211' title='bbox 370 3120 520 3193; x_wconf 81' lang='lat' dir='ltr'><strong>ingentem</strong></span> <span class='ocrx_word' id='word_1_212' title='bbox 542 3117 661 3176; x_wconf 91' lang='lat' dir='ltr'><strong>caedem</strong></span> <span class='ocrx_word' id='word_1_213' title='bbox 681 3117 814 3175; x_wconf 91' lang='lat' dir='ltr'><strong>hostium</strong></span> <span class='ocrx_word' id='word_1_214' title='bbox 834 3117 943 3175; x_wconf 83' lang='lat' dir='ltr'><strong>factam</strong></span> <span class='ocrx_word' id='word_1_215' title='bbox 965 3133 1038 3186; x_wconf 87' lang='lat' dir='ltr'><strong>esse,</strong></span> <span class='ocrx_word' id='word_1_216' title='bbox 1060 3115 1170 3186; x_wconf 87' lang='lat' dir='ltr'><strong>additn,</strong></span> 
     </span>
     <span class='ocr_line' id='line_1_28' title="bbox 103 3213 1169 3292; baseline -0.003 -17"><span class='ocrx_word' id='word_1_217' title='bbox 103 3216 187 3292; x_wconf 93' lang='lat' dir='ltr'><strong>quod</strong></span> <span class='ocrx_word' id='word_1_218' title='bbox 209 3215 366 3275; x_wconf 83' lang='lat' dir='ltr'><strong>Sallustius</strong></span> <span class='ocrx_word' id='word_1_219' title='bbox 388 3236 447 3274; x_wconf 92' lang='lat' dir='ltr'><strong>non</strong></span> <span class='ocrx_word' id='word_1_220' title='bbox 467 3216 599 3287; x_wconf 86' lang='lat' dir='ltr'><strong>tradidit,</strong></span> <span class='ocrx_word' id='word_1_221' title='bbox 621 3215 783 3290; x_wconf 84' lang='lat' dir='ltr'><strong>nonaginta</strong></span> <span class='ocrx_word' id='word_1_222' title='bbox 803 3215 885 3272; x_wconf 90' lang='lat' dir='ltr'><strong>milia</strong></span> <span class='ocrx_word' id='word_1_223' title='bbox 906 3213 1038 3272; x_wconf 91' lang='lat' dir='ltr'><strong>hostium</strong></span> <span class='ocrx_word' id='word_1_224' title='bbox 1061 3231 1169 3285; x_wconf 74' lang='lat' dir='ltr'><strong>caesos</strong></span> 
     </span>
     <span class='ocr_line' id='line_1_29' title="bbox 104 3296 950 3389; baseline -0.004 -17"><span class='ocrx_word' id='word_1_225' title='bbox 104 3313 196 3389; x_wconf 90' lang='lat' dir='ltr'><strong>quod,</strong></span> <span class='ocrx_word' id='word_1_226' title='bbox 217 3315 253 3371; x_wconf 91' lang='lat' dir='ltr'><strong>ut</strong></span> <span class='ocrx_word' id='word_1_227' title='bbox 273 3296 537 3372; x_wconf 86' lang='lat' dir='ltr'><strong>verisimillimum</strong></span> <span class='ocrx_word' id='word_1_228' title='bbox 559 3317 613 3384; x_wconf 88' lang='lat' dir='ltr'><strong>est,</strong></span> <span class='ocrx_word' id='word_1_229' title='bbox 636 3333 670 3372; x_wconf 85' lang='lat' dir='ltr'><strong>ex</strong></span> <span class='ocrx_word' id='word_1_230' title='bbox 691 3313 775 3371; x_wconf 88' lang='lat' dir='ltr'><strong>Livio</strong></span> <span class='ocrx_word' id='word_1_231' title='bbox 797 3312 950 3371; x_wconf 90' lang='lat' dir='ltr'><strong>desumsit.</strong></span> 
     </span>
     <span class='ocr_line' id='line_1_30' title="bbox 146 3407 1170 3488; baseline -0.001 -19"><span class='ocrx_word' id='word_1_232' title='bbox 146 3407 320 3484; x_wconf 82' lang='lat' dir='ltr'><strong>Diodorus,</strong></span> <span class='ocrx_word' id='word_1_233' title='bbox 343 3413 402 3486; x_wconf 92' lang='lat' dir='ltr'><strong>qui,</strong></span> <span class='ocrx_word' id='word_1_234' title='bbox 424 3415 460 3470; x_wconf 93' lang='lat' dir='ltr'><strong>ut</strong></span> <span class='ocrx_word' id='word_1_235' title='bbox 481 3431 570 3488; x_wconf 90' lang='lat' dir='ltr'><strong>supra</strong></span> <span class='ocrx_word' id='word_1_236' title='bbox 592 3411 718 3470; x_wconf 85' lang='lat' dir='ltr'><strong>diximus</strong></span> <span class='ocrx_word' id='word_1_237' title='bbox 731 3410 776 3484; x_wconf 83' lang='lat' dir='ltr'><strong>l⁰),</strong></span> <span class='ocrx_word' id='word_1_238' title='bbox 793 3410 923 3487; x_wconf 88' lang='lat' dir='ltr'><strong>Appiani</strong></span> <span class='ocrx_word' id='word_1_239' title='bbox 933 3409 1093 3468; x_wconf 90' lang='lat' dir='ltr'><strong>narrationi</strong></span> <span class='ocrx_word' id='word_1_240' title='bbox 1104 3428 1170 3485; x_wconf 91' lang='lat' dir='ltr'><strong>pro·</strong></span> 
     </span>
     <span class='ocr_line' id='line_1_31' title="bbox 106 3508 1168 3585; baseline 0.001 -19"><span class='ocrx_word' id='word_1_241' title='bbox 106 3510 218 3585; x_wconf 90' lang='lat' dir='ltr'><strong>pinqua</strong></span> <span class='ocrx_word' id='word_1_242' title='bbox 248 3510 388 3584; x_wconf 88' lang='lat' dir='ltr'><strong>prodidit,</strong></span> <span class='ocrx_word' id='word_1_243' title='bbox 417 3510 507 3568; x_wconf 89' lang='lat' dir='ltr'><strong>verbo</strong></span> <span class='ocrx_word' id='word_1_244' title='bbox 529 3509 661 3580; x_wconf 87' lang='lat' dir='ltr'><strong>tradidit,</strong></span> <span class='ocrx_word' id='word_1_245' title='bbox 683 3509 836 3568; x_wconf 90' lang='lat' dir='ltr'><strong>Bocchum</strong></span> <span class='ocrx_word' id='word_1_246' title='bbox 859 3528 935 3568; x_wconf 90' lang='lat' dir='ltr'><strong>cum.</strong></span> <span class='ocrx_word' id='word_1_247' title='bbox 948 3508 1041 3567; x_wconf 91' lang='lat' dir='ltr'><strong>Mario</strong></span> <span class='ocrx_word' id='word_1_248' title='bbox 1064 3509 1168 3583; x_wconf 84' lang='lat' dir='ltr'><strong>egisse.</strong></span> 
     </span>
     <span class='ocr_line' id='line_1_32' title="bbox 106 3606 1169 3684; baseline 0.003 -19"><span class='ocrx_word' id='word_1_249' title='bbox 106 3607 163 3665; x_wconf 89' lang='lat' dir='ltr'><strong>Sed</strong></span> <span class='ocrx_word' id='word_1_250' title='bbox 184 3627 252 3666; x_wconf 90' lang='lat' dir='ltr'><strong>eum</strong></span> <span class='ocrx_word' id='word_1_251' title='bbox 274 3608 432 3666; x_wconf 88' lang='lat' dir='ltr'><strong>Sallustius</strong></span> <span class='ocrx_word' id='word_1_252' title='bbox 454 3611 558 3667; x_wconf 88' lang='lat' dir='ltr'><strong>auctor</strong></span> <span class='ocrx_word' id='word_1_253' title='bbox 579 3608 617 3666; x_wconf 88' lang='lat' dir='ltr'><strong>sit</strong></span> <span class='ocrx_word' id='word_1_254' title='bbox 638 3610 773 3667; x_wconf 89' lang='lat' dir='ltr'><strong>senatum</strong></span> <span class='ocrx_word' id='word_1_255' title='bbox 795 3606 914 3668; x_wconf 85' lang='lat' dir='ltr'><strong>Boooho</strong></span> <span class='ocrx_word' id='word_1_256' title='bbox 935 3606 1169 3684; x_wconf 77' lang='lat' dir='ltr'><strong>respondissem</strong></span> 
     </span>
    </p>
   </div>
   <div class='ocr_carea' id='block_1_2' title="bbox 109 3798 320 3805">
    <p class='ocr_par' dir='ltr' id='par_1_2' title="bbox 109 3798 320 3805">
     <span class='ocr_line' id='line_1_33' title="bbox 109 3798 320 3805; baseline 0 -1"><span class='ocrx_word' id='word_1_257' title='bbox 109 3798 320 3805; x_wconf 73' lang='lat'>———.-</span> 
     </span>
    </p>
   </div>
   <div class='ocr_carea' id='block_1_3' title="bbox 107 3918 1170 4418">
    <p class='ocr_par' dir='ltr' id='par_1_3' title="bbox 107 3918 1170 4418">
     <span class='ocr_line' id='line_1_34' title="bbox 141 3918 1169 3987; baseline 0.004 -17"><span class='ocrx_word' id='word_1_258' title='bbox 141 3918 159 3980; x_wconf 87' lang='lat'><strong>¹)</strong></span> <span class='ocrx_word' id='word_1_259' title='bbox 186 3926 308 3973; x_wconf 85' lang='lat' dir='ltr'><strong>Gaetulos</strong></span> <span class='ocrx_word' id='word_1_260' title='bbox 334 3925 459 3972; x_wconf 84' lang='lat' dir='ltr'><strong>Latrones</strong></span> <span class='ocrx_word' id='word_1_261' title='bbox 484 3918 708 3982; x_wconf 74' lang='grc' dir='ltr'><strong>,Νομαδικὸν</strong></span> <span class='ocrx_word' id='word_1_262' title='bbox 730 3918 890 3986; x_wconf 73' lang='grc' dir='ltr'><strong><em>λῃστήριον”</em></strong></span> <span class='ocrx_word' id='word_1_263' title='bbox 908 3927 979 3973; x_wconf 88' lang='lat' dir='ltr'><strong>dixit.</strong></span> <span class='ocrx_word' id='word_1_264' title='bbox 999 3952 1029 3960; x_wconf 84' lang='lat'><strong>—-</strong></span> <span class='ocrx_word' id='word_1_265' title='bbox 1050 3919 1069 3982; x_wconf 70' lang='lat'><strong>⁹)</strong></span> <span class='ocrx_word' id='word_1_266' title='bbox 1094 3942 1119 3987; x_wconf 92' lang='lat' dir='ltr'><strong>p.</strong></span> <span class='ocrx_word' id='word_1_267' title='bbox 1139 3931 1169 3974; x_wconf 79' lang='lat'><strong>64</strong></span> 
     </span>
     <span class='ocr_line' id='line_1_35' title="bbox 107 3995 1169 4070; baseline 0.001 -13"><span class='ocrx_word' id='word_1_268' title='bbox 107 3995 155 4057; x_wconf 73' lang='lat' dir='ltr'><strong>suri</strong></span> <span class='ocrx_word' id='word_1_269' title='bbox 170 4011 194 4057; x_wconf 82' lang='lat' dir='ltr'><strong>a.</strong></span> <span class='ocrx_word' id='word_1_270' title='bbox 223 4036 253 4044; x_wconf 91' lang='lat'><em>-</em></span> <span class='ocrx_word' id='word_1_271' title='bbox 282 4002 506 4068; x_wconf 61' lang='grc'><strong>8111111.-</strong></span> <span class='ocrx_word' id='word_1_272' title='bbox 528 4001 1169 4070; x_wconf 69' lang='lat' dir='ltr'><strong>averium,1.-⁶)r10r.111‚1,14.&#39;-</strong></span> 
     </span>
     <span class='ocr_line' id='line_1_36' title="bbox 109 4087 1170 4157; baseline 0.001 -15"><span class='ocrx_word' id='word_1_273' title='bbox 109 4087 127 4150; x_wconf 80' lang='lat'><strong>⁶)</strong></span> <span class='ocrx_word' id='word_1_274' title='bbox 143 4096 239 4142; x_wconf 79' lang='lat' dir='ltr'><strong>Afferre</strong></span> <span class='ocrx_word' id='word_1_275' title='bbox 257 4095 334 4142; x_wconf 88' lang='lat' dir='ltr'><strong>etiarn</strong></span> <span class='ocrx_word' id='word_1_276' title='bbox 351 4110 488 4156; x_wconf 83' lang='lat' dir='ltr'><strong>possumus</strong></span> <span class='ocrx_word' id='word_1_277' title='bbox 506 4097 624 4155; x_wconf 86' lang='lat' dir='ltr'><strong>Eutropii</strong></span> <span class='ocrx_word' id='word_1_278' title='bbox 641 4097 720 4143; x_wconf 86' lang='lat' dir='ltr'><strong>verba</strong></span> <span class='ocrx_word' id='word_1_279' title='bbox 737 4092 788 4153; x_wconf 84' lang='lat' dir='ltr'><strong>(IV,</strong></span> <span class='ocrx_word' id='word_1_280' title='bbox 807 4097 846 4154; x_wconf 79' lang='grc'><strong>27,</strong></span> <span class='ocrx_word' id='word_1_281' title='bbox 865 4093 889 4151; x_wconf 85' lang='grc'><strong>4)</strong></span> <span class='ocrx_word' id='word_1_282' title='bbox 909 4092 1170 4157; x_wconf 74' lang='lat' dir='ltr'><strong>„isiMariusllngnr-</strong></span> 
     </span>
     <span class='ocr_line' id='line_1_37' title="bbox 108 4181 1168 4242; baseline 0.002 -15"><span class='ocrx_word' id='word_1_283' title='bbox 108 4182 192 4237; x_wconf 84' lang='lat' dir='ltr'><strong>,tham</strong></span> <span class='ocrx_word' id='word_1_284' title='bbox 218 4183 244 4227; x_wconf 87' lang='lat' dir='ltr'><strong>et</strong></span> <span class='ocrx_word' id='word_1_285' title='bbox 275 4181 412 4234; x_wconf 87' lang='lat' dir='ltr'><strong>Bocchum,</strong></span> <span class='ocrx_word' id='word_1_286' title='bbox 442 4181 613 4228; x_wconf 87' lang='lat' dir='ltr'><strong>Mauretaniae</strong></span> <span class='ocrx_word' id='word_1_287' title='bbox 638 4195 722 4240; x_wconf 76' lang='lat' dir='ltr'><strong>regern</strong></span> <span class='ocrx_word' id='word_1_288' title='bbox 749 4216 754 4227; x_wconf 88' lang='lat'><strong>.</strong></span> <span class='ocrx_word' id='word_1_289' title='bbox 774 4216 779 4228; x_wconf 90' lang='lat'>.</span> <span class='ocrx_word' id='word_1_290' title='bbox 799 4216 805 4227; x_wconf 91' lang='lat'>.</span> <span class='ocrx_word' id='word_1_291' title='bbox 827 4183 932 4241; x_wconf 79' lang='lat' dir='ltr'><strong>pariter</strong></span> <span class='ocrx_word' id='word_1_292' title='bbox 957 4181 1111 4242; x_wconf 85' lang='lat' dir='ltr'><strong>superavit&#39;’.</strong></span> <span class='ocrx_word' id='word_1_293' title='bbox 1139 4189 1168 4215; x_wconf 78' lang='grc'><strong>-’</strong></span> 
     </span>
     <span class='ocr_line' id='line_1_38' title="bbox 110 4253 1168 4327; baseline 0.003 -14"><span class='ocrx_word' id='word_1_294' title='bbox 110 4253 493 4324; x_wconf 65' lang='grc' dir='ltr'><strong>ἵ)οιοε.11,15,11-111;111.</strong></span> <span class='ocrx_word' id='word_1_295' title='bbox 513 4266 572 4312; x_wconf 75' lang='lat' dir='ltr'><strong>sau.</strong></span> <span class='ocrx_word' id='word_1_296' title='bbox 583 4266 622 4324; x_wconf 82' lang='grc'><strong>11,</strong></span> <span class='ocrx_word' id='word_1_297' title='bbox 633 4268 739 4324; x_wconf 84' lang='lat' dir='ltr'><strong>a-mo,</strong></span> <span class='ocrx_word' id='word_1_298' title='bbox 752 4269 773 4312; x_wconf 93' lang='lat'><strong>1.</strong></span> <span class='ocrx_word' id='word_1_299' title='bbox 794 4291 823 4299; x_wconf 88' lang='lat'><em>-</em></span> <span class='ocrx_word' id='word_1_300' title='bbox 844 4258 863 4322; x_wconf 73' lang='grc'><strong>8)</strong></span> <span class='ocrx_word' id='word_1_301' title='bbox 883 4268 987 4327; x_wconf 73' lang='grc'><strong>11111.</strong></span> <span class='ocrx_word' id='word_1_302' title='bbox 1008 4293 1037 4300; x_wconf 85' lang='grc'><strong>-</strong></span> <span class='ocrx_word' id='word_1_303' title='bbox 1058 4259 1077 4323; x_wconf 77' lang='lat'><strong>⁹)</strong></span> <span class='ocrx_word' id='word_1_304' title='bbox 1095 4269 1168 4318; x_wconf 78' lang='lat' dir='ltr'><strong>oros.</strong></span> 
     </span>
     <span class='ocr_line' id='line_1_39' title="bbox 107 4340 548 4418; baseline -0.002 -20"><span class='ocrx_word' id='word_1_305' title='bbox 107 4350 134 4413; x_wconf 84' lang='lat' dir='ltr'><strong>V,</strong></span> <span class='ocrx_word' id='word_1_306' title='bbox 153 4352 192 4410; x_wconf 88' lang='grc'><strong>18,</strong></span> <span class='ocrx_word' id='word_1_307' title='bbox 211 4352 250 4406; x_wconf 80' lang='grc'><strong>18.</strong></span> <span class='ocrx_word' id='word_1_308' title='bbox 270 4378 298 4386; x_wconf 91' lang='lat'>-</span> <span class='ocrx_word' id='word_1_309' title='bbox 321 4342 351 4406; x_wconf 83' lang='grc'><strong>10)</strong></span> <span class='ocrx_word' id='word_1_310' title='bbox 368 4340 448 4410; x_wconf 86' lang='lat' dir='ltr'><strong>Supra</strong></span> <span class='ocrx_word' id='word_1_311' title='bbox 465 4364 489 4418; x_wconf 82' lang='lat' dir='ltr'><strong>p.</strong></span> <span class='ocrx_word' id='word_1_312' title='bbox 509 4352 548 4400; x_wconf 81' lang='lat'><strong>50.</strong></span> 
     </span>
    </p>
   </div>
   <div class='ocr_carea' id='block_1_4' title="bbox 0 0 1462 5062">
    <p class='ocr_par' dir='ltr' id='par_1_4' title="bbox 0 0 1462 5062">
     <span class='ocr_line' id='line_1_40' title="bbox 0 0 1462 5062; baseline 0 0"><span class='ocrx_word' id='word_1_313' title='bbox 0 0 1462 5062; x_wconf 95' lang='lat' dir='ltr'><strong> </strong></span> 
     </span>
    </p>
   </div>
  </div>
 </body>
</html>
