2916 5062
702 478 741 537 88

193 643 265 701 adeo
297 647 332 700 ut
364 640 430 699 inde
463 641 600 715 colligere
631 641 719 699 liceat
751 643 887 698 auctores
918 638 1062 714 quosdam
1091 637 1258 713 primarios

193 741 280 799 rebus
312 741 404 815 gestis
436 739 581 814 aequales,
616 742 646 796 et
677 739 728 814 qui
761 757 809 796 eas
838 736 1013 812 experiendo
1043 736 1178 811 cognitas
1207 737 1260 793 ha·

194 839 319 909 buerint,
342 839 394 896 has
416 857 461 895 res
473 838 601 912 primum
615 836 697 893 libris
713 836 906 894 mandavisse.
928 834 1108 893 Huiusmodi
1121 837 1260 893 auctores

192 938 313 994 suerunt
334 935 474 1003 Rutilius,
497 935 548 1010 qui
570 936 673 992 consul
694 934 752 992 fuit
774 953 850 991 anno
877 932 955 1002 1050,
978 935 1008 991 et
1028 936 1098 1008 post
1117 952 1195 1002 eum,
1209 932 1262 1007 qui

192 1055 292 1092 rerum
322 1033 481 1110 participes
513 1032 584 1090 facti
613 1036 683 1090 sunt
711 1031 793 1089 Sulla
814 1034 844 1089 et
866 1030 997 1089 Catulus.
1040 1030 1101 1087 Alii
1122 1034 1261 1089 auctores

193 1133 281 1191 etiam
313 1133 443 1202 suerunt,
476 1131 529 1206 qui
559 1130 615 1188 etsi
646 1149 704 1188 non
736 1130 793 1204 ipsi
823 1128 912 1186 rebus
941 1128 1033 1203 gestis
1061 1128 1260 1199 interfuerint,

193 1234 291 1289 tamen
324 1230 364 1287 eis
394 1229 530 1304 aequales
552 1229 611 1285 fere
634 1227 753 1297 fuerint,
776 1228 822 1285 vel
843 1226 922 1284 haud
944 1227 1040 1285 multo
1062 1228 1132 1301 post
1153 1226 1260 1284 florue-

192 1329 260 1386 rint.
302 1327 345 1385 En
377 1327 422 1385 his
453 1327 567 1402 primus
596 1325 791 1384 nominandus
820 1328 865 1383 est
886 1325 1063 1383 Posidonius
1085 1325 1198 1399 (128--
1222 1327 1261 1382 45

194 1447 219 1483 a.
243 1425 302 1499 0.);
333 1426 357 1483 is
379 1444 425 1483 res
446 1424 594 1482 Romanas
617 1423 652 1481 ab
676 1443 751 1482 anno
775 1423 846 1480 145Ο
867 1423 903 1480 ad
925 1443 1034 1480 annum
1057 1423 1130 1481 82¹¹m
1153 1423 1262 1486 litteris

192 1526 365 1600 persecutus
388 1525 433 1580 est
456 1523 495 1595 1);
517 1526 586 1597 post
608 1520 719 1578 bellum
742 1521 922 1580 Cimbricum
944 1521 1008 1596 ipse
1031 1521 1060 1578 in
1081 1520 1179 1590 Italia,
1195 1519 1262 1578 Gal·

192 1621 240 1691 lia,
272 1620 415 1694 Hispania
435 1619 640 1695 peregrinatus
663 1622 716 1688 est,
739 1618 783 1676 bis
806 1639 822 1676 a
843 1618 1004 1677 Plutarcho
1026 1618 1056 1675 in
1076 1617 1148 1676 Vita
1172 1617 1260 1675 Marii

193 1718 310 1776 citatur.
352 1717 449 1775 Etiam
481 1735 534 1792 pro
568 1719 647 1775 certo
681 1717 823 1774 affirmare
855 1735 1014 1791 possumus
1046 1716 1123 1774 idem
1145 1716 1259 1775 bellum

192 1819 353 1874 tractatum
380 1815 471 1874 fuisse
493 1835 510 1872 a
530 1814 649 1874 Valerio
670 1815 792 1873 Antiato
814 1814 844 1871 in
865 1814 1045 1885 Annalibus;
1068 1815 1103 1873 ab
1125 1815 1183 1873 hoc
1205 1835 1258 1872 nu-

193 1913 266 1971 meri
297 1913 417 1989 quidam
449 1913 651 1971 Romanorum
684 1932 835 1972 caesorum
865 1916 895 1970 et
923 1915 1076 1988 captorum
1109 1913 1146 1970 in
1160 1913 1259 1970 maius

193 2012 262 2069 elati
294 2011 420 2088 profecti
448 2030 511 2069 esse
532 2010 692 2068 traduntur
713 2011 747 2085 2).
790 2009 931 2085 Sequitur
951 2010 1063 2080 Livius
1086 2010 1171 2068 cuius
1192 2029 1258 2067 nar-

193 2110 268 2168 ratio
300 2110 387 2184 plena
408 2112 438 2167 et
459 2111 605 2180 accurata,
628 2109 709 2184 quod
730 2112 847 2184 tempus
870 2127 928 2167 non
949 2109 1027 2184 tulit,
1049 2109 1079 2165 in
1100 2107 1145 2166 his
1167 2108 1258 2166 rebus

192 2207 405 2282 investigandis
438 2207 509 2265 satis
542 2206 640 2265 dolere
672 2225 730 2264 uon
758 2225 927 2282 possumus.
969 2206 1072 2265 Novus
1101 2209 1207 2264 auctor
1228 2206 1258 2262 in

193 2305 280 2363 rebus
313 2304 381 2361 anni
415 2305 479 2362 105ἰ
508 2303 593 2363 nohis
615 2307 733 2379 praesto
755 2308 801 2362 est
822 2303 948 2362 Granius
970 2304 1148 2374 Licinianus,
1172 2303 1258 2362 cuius

192 2404 358 2476 fragmenta
390 2402 503 2477 aliquot
535 2402 667 2460 omnium
698 2403 823 2460 maxime
855 2403 957 2478 gravia
988 2407 1017 2461 et
1047 2402 1179 2478 pretiosa
1200 2421 1259 2461 ser·

192 2502 262 2558 vata
293 2504 370 2557 sunt.
413 2500 457 2557 De
489 2503 622 2574 tempore
644 2499 787 2558 Liciniani
808 2500 987 2559 dissentiunt
1008 2501 1064 2559 viri
1085 2499 1182 2571 docti3
1205 2501 1258 2575 qui

193 2616 287 2672 nuper
319 2596 353 2654 de
385 2597 439 2654 hac
470 2617 501 2654 re
534 2597 603 2672 egit,
630 2597 811 2656 Diechmann
832 2618 859 2656 v.
883 2599 917 2668 cl,
939 2597 1051 2657 idoneis
1073 2597 1258 2672 argumentis

194 2694 440 2753 demonstravisse
471 2694 589 2753 videtur
620 2714 688 2752 eum
717 2695 852 2753 floruisse
883 2696 980 2754 medio
1008 2696 1100 2754 altero
1121 2715 1150 2770 p.
1174 2695 1206 2754 G.
1228 2716 1257 2753 n.

194 2792 320 2862 saecula
352 2791 495 2849 Hadriani
526 2795 622 2850 aetate
654 2795 684 2851 et
711 2793 854 2851 Antonini
875 2793 921 2850 Pii
942 2793 975 2866 3).
1017 2792 1113 2851 Multo
1134 2792 1258 2851 minoris

192 2888 318 2948 faciendi
349 2889 433 2947 nobis
457 2893 526 2948 sunt
548 2894 684 2948 auctores
706 2891 835 2964 quidam,
858 2907 933 2965 quos
956 2891 1122 2949 citaverunt
1142 2891 1259 2948 Plutar-

192 2987 263 3045 chus
285 2990 315 3044 et
335 2986 500 3061 AppianuS,
523 2988 617 3046 veluti
640 2987 780 3046 Claudius
803 2988 935 3060 PaulluS,
958 2989 994 3047 da
1016 3005 1075 3062 quo
1097 2989 1155 3046 iam
1168 3007 1259 3063 supra

191 3084 329 3154 vidimus,
362 3088 392 3142 et
422 3085 589 3144 Alexander
609 3085 757 3161 Myndius
779 3086 950 3162 Polyhistor
971 3087 1018 3145 ille
1041 3086 1258 3156 celeberrimus,

191 3183 243 3256 qui
262 3182 358 3258 primo
381 3184 499 3242 saeculo
521 3203 545 3240 a.
569 3183 600 3242 Ο.
622 3204 650 3241 n.
673 3203 762 3259 opera
784 3185 952 3259 composuit
972 3185 1010 3258 4);
1033 3204 1067 3242 ex
1089 3203 1123 3243 eo
1138 3184 1258 3241 Plutar-

192 3281 263 3339 chus
295 3280 402 3338 sumsit
433 3281 513 3354 quod
545 3281 667 3339 tradidit
698 3281 733 3339 de
765 3281 881 3340 duobus
903 3282 1073 3341 vulturibus
1095 3282 1258 3340 exercitum

190 3377 276 3435 Marii
288 3377 497 3437 comitantibus
509 3377 542 3451 5).
561 3379 605 3436 De
617 3379 704 3437 rebus
716 3379 832 3437 traditis
845 3379 881 3437 ad
893 3380 1025 3455 singulos
1037 3383 1173 3439 auctores
1185 3380 1257 3438 refe·

191 3475 288 3535 rendis
300 3496 367 3535 cum
379 3476 524 3535 industria
536 3479 563 3535 et
576 3496 684 3551 magno
696 3477 830 3536 acumine
842 3479 930 3536 multi
939 3478 994 3537 viri
1002 3478 1081 3537 docti
1090 3483 1216 3552 egerunt
1236 3480 1256 3553 ).

227 3642 244 3704 ¹)
263 3651 349 3696 Christ
367 3651 458 3697 Gesch.
475 3652 521 3697 der
529 3652 623 3710 griech.
634 3653 751 3699 Littorat.
764 3655 835 3709 1889,
845 3667 869 3712 p.
880 3655 936 3699 430.
948 3677 978 3685 —
1000 3645 1017 3708 2)
1027 3654 1089 3700 Vide
1099 3653 1172 3700 infra.
1182 3668 1206 3713 p.
1217 3655 1256 3700 95.

192 3760 222 3768 -
243 3727 261 3789 8)
280 3737 307 3782 0.
326 3736 481 3781 Dieclrmann
500 3737 530 3782 de
550 3737 637 3783 Grunii
656 3737 781 3784 Liciniani
799 3738 914 3784 lontibus
930 3740 956 3784 ot
975 3739 1257 3794 auctoritate,Beroliui

193 3821 265 3876 1896,
284 3833 307 3878 p.
328 3821 417 3865 1—19.
437 3845 467 3853 —
489 3813 507 3875 ⁴)
526 3822 612 3868 Christ
630 3822 664 3868 l.l.
683 3836 707 3881 p.
725 3823 781 3868 458.
802 3846 831 3855 -
852 3814 870 3878 ⁶)
880 3823 946 3869 Plut.
956 3823 1017 3869 Mar.
1030 3824 1068 3869 17.
1080 3849 1110 3856 —
1122 3815 1140 3877 ⁶)
1150 3824 1257 3880 Heeren,

192 3905 222 3949 de
249 3904 363 3950 sontibus
390 3907 415 3950 et
442 3906 593 3953 anctoritate
619 3907 668 3954 vit.
695 3907 785 3953 Parall.
812 3908 878 3954 Plut.
902 3908 1039 3966 Gottingae
1058 3909 1130 3964 1829,
1147 3922 1172 3967 p.
1193 3909 1256 3965 148;

190 3990 280 4048 Klupp‚
307 3990 338 4035 de
364 3990 478 4036 Vitarum
505 3992 570 4038 Plut.
599 3995 663 4038 auct.
692 3993 772 4050 Rom,
791 3994 894 4040 Bonnae
915 3995 986 4050 1862,
1005 4007 1030 4052 p.
1049 3995 1095 4050 23;
1114 3995 1197 4051 Peter,
1216 3995 1257 4040 die

192 4074 297 4129 Qnellen
323 4075 457 4120 Plutarchs
483 4076 509 4121 in
528 4077 577 4123 deu
594 4077 766 4136 Biographien
785 4079 830 4123 der
846 4078 947 4134 Biimer,
964 4078 1038 4124 Halle
1058 4079 1130 4134 1865,
1148 4091 1172 4138 p.
1193 4079 1256 4136 101;

191 4158 263 4216 Smit,
282 4160 387 4206 Observ.
406 4160 432 4205 iu
449 4161 515 4207 Plut.
533 4162 583 4208 Vit.
601 4163 677 4219 Man,
697 4163 760 4209 1878
779 4163 890 4220 dissert,
907 4163 968 4209 Silv.
986 4163 1048 4209 Duc.
1067 4163 1163 4221 passim
1173 4164 1257 4220 ;Voll·

191 4245 262 4302 graff,
281 4244 363 4290 Greek
380 4245 479 4295 writers
498 4247 527 4295 of
542 4248 638 4296 ltoruan
657 4248 764 4311 history,
781 4248 893 4307 Leptim,
911 4249 963 4298 Van
981 4248 1027 4298 dar
1043 4247 1116 4299 Hook
1133 4248 1256 4299 Brothora

193 4330 265 4387 1888,
283 4343 307 4394 p.
326 4331 365 4381 49.
