2916 5062
796 456 853 514 118

291 635 387 675 meros
420 636 494 692 quos
527 637 561 674 ex
592 616 711 674 Valerio
743 615 863 675 Antiate
892 616 1044 674 addiderat
1065 615 1167 674 Livius
1189 617 1362 691 (caesorum

293 716 420 774 200000
442 716 522 790 apud
544 715 690 786 Orosium,
712 714 869 790 Epitomen
890 714 1052 786 Livianam,
1075 714 1271 790 Eutropium3
1292 734 1361 790 cap-

291 812 421 872 tivorum
450 814 558 872 80000
580 812 660 887 apud
681 812 818 872 Orosium
840 815 870 870 et
890 811 1047 887 Epitornen
1072 848 1106 855 -
1129 811 1181 869 ubi
1201 831 1361 888 perperam

292 911 403 986 legitur
433 913 541 971 90000
566 947 600 954 -
630 914 660 969 et
681 911 878 987 Eutropium3
900 911 1094 970 barbarorum
1116 911 1168 987 qui
1188 910 1362 986 effugerunt

292 1010 370 1067 3000
402 1009 481 1084 apud
504 1008 662 1082 Orosium)‚
684 1009 748 1067 iure
770 1009 881 1084 sprevit
902 1008 1090 1068 Plutarchus
1133 1007 1190 1067 Sed
1212 1008 1237 1067 is
1259 1008 1303 1082 (et
1325 1029 1363 1067 ex

293 1124 328 1165 eo
361 1105 541 1182 Polyaenus)
570 1106 661 1164 alium
682 1126 839 1165 numerum
862 1106 1019 1166 substituit
1042 1125 1195 1166 caesorum
1216 1109 1247 1165 et
1268 1107 1365 1183 capti·

295 1223 408 1276 vorum,
443 1206 569 1264 100000
603 1205 738 1279 amplius.
780 1203 920 1276 Velleius
944 1205 992 1264 cui
1012 1223 1071 1264 non
1093 1203 1187 1280 magis
1209 1204 1361 1280 placuisse

292 1302 430 1360 videntur
460 1303 576 1360 numeri
606 1301 641 1360 ab
669 1302 789 1361 Antiate
810 1303 881 1373 ficti,
904 1303 993 1361 etiam
1015 1302 1127 1379 aliquid
1148 1302 1285 1373 detraxit,
1309 1303 1363 1362 sed

292 1419 351 1459 non
382 1403 417 1458 ut
447 1400 625 1459 Plutarchus
657 1399 821 1472 dimidium,
854 1400 905 1460 sed
926 1403 1063 1477 quartam
1083 1402 1219 1476 partem;
1241 1400 1266 1459 is
1288 1400 1365 1459 dicit

293 1498 420 1574 amplius
454 1499 580 1557 150.000
612 1497 743 1557 hostiurn
774 1498 872 1574 priore
904 1518 937 1558 ac
958 1499 1122 1574 posteriore
1144 1498 1190 1557 die
1211 1498 1366 1557 trucidata

293 1616 357 1654 0000
380 1596 412 1670 1).
453 1595 498 1654 De
519 1615 588 1671 rege
609 1595 807 1656 Teutoboduo
829 1600 925 1673 capto,
948 1597 983 1656 de
1005 1616 1065 1674 000
1086 1596 1266 1656 mentionem
1284 1596 1364 1655 fece·

293 1698 364 1753 runt
386 1694 507 1753 Orosius
529 1697 559 1752 et
579 1694 685 1752 Florus
708 1694 842 1768 (Orosius
863 1714 1018 1770 perperam
1039 1695 1111 1754 dicit
1132 1713 1201 1753 eum
1216 1695 1365 1770 inpugna

296 1791 426 1851 occisum
449 1810 520 1861 esse,
542 1811 610 1849 nam
631 1799 735 1868 postea
755 1792 786 1849 in
807 1792 959 1868 triumpho
980 1793 1065 1851 Marii
1087 1795 1170 1852 actus
1193 1792 1249 1866 est)
1269 1792 1363 1851 etiam

295 1890 390 1950 tacuit
410 1889 597 1948 Plutarchus

334 1987 377 2046 De
398 1987 508 2063 praeda
529 2006 619 2063 qnam
639 1988 773 2047 fecerunt
793 1987 919 2048 Romani
940 1987 1085 2047 mirabilia
1105 1988 1236 2048 narravit
1255 1991 1366 2048 auctor

295 2105 383 2162 quem
412 2085 588 2144 Plutarchus
611 2089 731 2145 secutus
753 2089 807 2145 est.
849 2086 930 2145 Dicit
950 2087 1069 2159 milites,
1092 2106 1160 2145 cum
1181 2087 1278 2145 multa
1299 2090 1365 2146 ten-

294 2185 370 2243 toria
402 2187 432 2242 et
462 2185 596 2259 plaustra
617 2187 647 2242 et
668 2203 805 2259 magnam
826 2185 982 2260 pecuniam
1005 2185 1160 2261 cepissent,
1182 2185 1258 2244 hanc
1278 2205 1366 2260 prae·

296 2282 372 2353 darn,
395 2285 540 2357 quatenus
562 2301 619 2341 non
639 2281 675 2340 ab
696 2282 768 2358 ipsis
790 2282 930 2358 subrepta
942 2286 1028 2353 esset,
1040 2283 1134 2343 Mario
1146 2282 1223 2342 dono
1236 2283 1368 2356 dedisse,

298 2410 393 2466 neque
425 2393 524 2448 tamen
557 2390 769 2449 existimavisse
801 2409 831 2449 se
870 2390 926 2449 hoc
958 2390 1111 2466 splendido
1143 2389 1220 2450 dono
1249 2377 1369 2463 (δωρεᾷ

299 2484 515 2569 λαμπροτάτῃ)
548 2496 618 2554 satis
643 2498 846 2556 remuneratos
868 2515 931 2555 esse
953 2496 1016 2555 eius
1037 2496 1250 2571 praestantiam
1270 2497 1367 2572 impe·

284 2576 446 2652 ¹ratcriam.
488 2593 583 2652 Nemo
615 2594 667 2669 qui
697 2594 812 2652 noverit
843 2594 889 2653 ius
920 2595 1097 2666 Romanum,
1120 2595 1174 2653 hac
1196 2594 1370 2654 narratione

299 2691 480 2766 decipietur3
502 2691 611 2766 praeda
632 2711 666 2749 ex
687 2692 823 2751 hostibus
846 2696 932 2769 capta
953 2696 1017 2751 erat
1037 2692 1157 2768 publica
1176 2691 1283 2769 populi
1304 2693 1365 2753 Ro·

298 2789 386 2860 mani,
408 2808 476 2864 pars
498 2789 617 2861 aerarii3
647 2790 818 2865 imperatori
840 2790 875 2849 de
897 2791 959 2850 eius
982 2808 1040 2849 usu
1061 2789 1216 2849 decernere
1237 2789 1365 2863 licebat,

299 2887 414 2944 nullum
442 2888 530 2946 huius
552 2888 595 2946 rei
616 2887 770 2946 arbitrium
792 2891 855 2947 erat
876 2888 955 2964 apud
976 2887 1093 2960 milites,
1116 2889 1169 2948 hos
1191 2889 1367 2964 imperatori

299 2985 438 3062 praedam
460 2985 537 3044 dono
559 2985 673 3045 dedisse
694 3005 815 3061 prorsus
837 2987 971 3062 ineptum
992 2989 1023 3045 et
1044 2986 1171 3045 stultum
1192 2990 1247 3046 est.

340 3084 441 3158 Longe
463 3083 548 3141 aliter
569 3083 604 3141 de
626 3084 680 3141 hac
701 3103 732 3142 re
754 3085 815 3159 egit
836 3084 893 3143 Dio
915 3084 1033 3143 Cassius
1056 3084 1089 3159 2).
1111 3083 1141 3143 10
1161 3085 1292 3160 primurn
1308 3085 1366 3145 hoc

301 3202 419 3259 quoque
452 3181 599 3255 singulare
630 3181 728 3251 habet,
759 3181 789 3238 in
820 3181 865 3239 his
896 3183 1005 3257 pugnis
1036 3182 1186 3258 ingentem
1207 3202 1367 3241 numerum

301 3284 501 3341 Rornanorum
522 3299 585 3337 esse
608 3299 734 3350 caesum,
757 3283 786 3338 et
807 3299 918 3355 paucos
939 3299 975 3338 00
989 3282 1131 3340 Romania
1146 3284 1366 3341 servatosesse.

302 3378 414 3438 Deinde
443 3376 525 3436 addit
556 3377 692 3448 Marium,
713 3381 748 3436 00
768 3378 822 3437 hos
845 3378 1047 3437 consolaretur
1067 3382 1097 3437 et
1117 3382 1368 3451 remuneraretur,

304 3477 453 3554 praedam,
482 3494 571 3551 quarn
599 3475 691 3550 gratis
714 3476 754 3534 eis
776 3475 891 3534 tradere
912 3475 1040 3548 nolebat,
1062 3476 1176 3551 exiguis
1197 3477 1301 3552 pretiis
1323 3477 1369 3538 his

302 3575 476 3635 vendidisse.
519 3573 600 3630 Haec
621 3574 645 3631 si
666 3593 735 3632 vera
756 3578 834 3647 sunt,
857 3577 980 3650 apparet
1001 3577 1152 3634 auctorem
1174 3575 1254 3634 illius
1274 3577 1366 3635 tradi·

303 3675 391 3735 tionis
414 3692 503 3748 quam
524 3671 701 3729 Plutarchus
722 3673 831 3746 prodit,
853 3673 1005 3731 Valerium
1027 3672 1180 3732 Antiatem
1201 3677 1236 3733 ut
1249 3675 1365 3751 opinor,

304 3790 392 3847 quern
424 3773 543 3829 secutus
576 3772 621 3827 est
648 3769 760 3841 Livius,
782 3770 975 3830 insolentibus
996 3771 1156 3832 mendaciis
1177 3791 1281 3832 verum
1304 3793 1366 3835 cor·

304 4073 345 4120 cui
370 4071 482 4130 virgines
509 4072 534 4117 ct
551 4070 642 4118 viduas
659 4071 782 4118 inservire
800 4072 838 4118 fas
856 4075 932 4131 esset,
950 4087 1036 4121 sacrae
1053 4075 1135 4122 factae
1153 4074 1220 4121 douo
1238 4074 1369 4135 darentur,

304 4172 354 4218 quo
376 4158 449 4203 fieret
467 4157 495 4201 ut
511 4156 581 4215 ipsae
600 4156 736 4203 inviolatae
754 4159 885 4204 manerent
902 4174 917 4204 a
934 4158 1040 4206 libidine
1058 4160 1168 4207 militum
1186 4161 1369 4210 Romanorum.

304 4245 335 4291 ld
362 4256 418 4288 cum
445 4255 495 4287 non
518 4241 705 4300 impetrassent,
728 4245 836 4288 mortem
854 4243 904 4289 sibi
921 4244 991 4303 ipsae
1010 4246 1195 4293 consciverunt.
1215 4271 1245 4279 -
1268 4237 1285 4302 ¹)
1304 4247 1371 4302 Vell.

305 4332 328 4387 2,
348 4330 386 4385 12,
404 4329 427 4374 4.
448 4353 477 4359 -
499 4317 516 4381 Β1
534 4326 583 4375 Dio
601 4326 689 4392 fragm.
709 4329 748 4384 02,
766 4328 806 4373 ed.
824 4328 900 4384 Melb.
918 4330 938 4392 1,
956 4343 980 4388 p.
1000 4331 1055 4387 337.
