2916 5062
725 449 763 506 44

191 627 274 688 thino
294 627 503 687 conscribendo
526 628 637 685 multos
659 629 689 685 et
710 625 807 686 varios
829 628 965 685 auctores
988 625 1102 685 adiisse.
1125 625 1259 701 Propriis

190 726 333 796 fontibus
355 725 431 784 inter
452 744 527 800 quae
550 726 611 783 sine
633 724 724 783 dubio
746 725 833 783 etiam
858 722 968 783 Graece
984 723 1169 799 conscriptis
1184 743 1260 783 usus

192 827 252 894 est;
275 823 310 882 de
332 822 448 881 Africae
471 822 540 894 situ,
562 823 597 881 de
619 842 720 882 earum
732 823 866 897 gentium
881 822 970 881 rebus
982 822 1083 897 gestis,
1104 841 1180 897 quae
1194 841 1260 880 eam

192 921 261 980 olim
284 921 479 992 incoluerunt,
502 921 647 980 rationem
669 921 835 980 universam
856 920 926 978 belli
948 920 1120 994 Iugurthini
1147 939 1181 977 ex
1194 920 1260 994 plu-

191 1019 273 1077 ribus
305 1017 444 1094 operibus
477 1037 655 1094 cognoscere
686 1019 820 1094 potuisse
851 1018 979 1077 videtur.
1030 1017 1106 1075 Item
1136 1018 1262 1076 suerunt

193 1121 273 1176 certo
305 1117 459 1193 complura
490 1135 579 1192 opera
611 1136 626 1174 e
658 1116 766 1192 quibus
798 1135 897 1174 rerum
925 1115 1114 1191 politicarum
1136 1118 1260 1186 statum,

192 1215 288 1290 qualis
316 1218 388 1273 tune
419 1215 562 1290 temporis
583 1214 695 1272 Romae
717 1216 804 1288 esset,
825 1213 955 1288 partium
979 1213 1190 1284 contentiones,
1212 1232 1261 1271 res

192 1313 256 1371 foro
278 1313 412 1372 Romano
434 1315 569 1388 peractas
591 1312 744 1387 explorare
766 1311 876 1386 potuit.

232 1410 401 1469 Paucorum
423 1411 610 1485 scriptorum,
633 1427 761 1485 quorum
783 1427 873 1484 opera
894 1409 1026 1468 Sallustii
1048 1412 1144 1467 aetate
1166 1412 1261 1468 exsta-

194 1508 273 1579 bant,
305 1508 425 1567 nomina
457 1507 576 1583 cognita
597 1510 676 1565 sunt.
719 1506 850 1566 Velleius
872 1507 1047 1566 Paterculus
1070 1506 1093 1579 1)
1116 1507 1262 1565 Scaurum

193 1607 270 1664 inter·
290 1608 422 1664 oratores
443 1608 561 1664 tantum
581 1605 714 1664 nominat
735 1625 794 1663 una
816 1624 884 1663 cum
905 1605 938 1674 Q.
957 1604 1077 1664 Metello
1089 1604 1259 1675 Numidica,

195 1704 246 1762 sed
273 1704 312 1761 M.
334 1703 496 1762 Aemilium
518 1703 662 1762 Scaurum
683 1706 719 1762 ut
741 1703 774 1773 Q.
796 1702 951 1761 Lutatium
974 1703 1122 1773 Catulum,
1144 1703 1177 1761 P.
1198 1703 1260 1760 Ru·

193 1801 291 1859 tilium
313 1801 424 1859 Rufum
447 1805 476 1859 et
497 1801 608 1860 Sullam
632 1802 721 1861 etiam
741 1798 813 1860 ‘Res
835 1820 903 1859 suas
925 1803 1033 1874 gestas’
1051 1800 1260 1876 conscripsisse

195 1902 311 1960 constat
333 1897 367 1971 2).
396 1899 554 1958 Sallustius
576 1899 729 1958 Sisennam
750 1898 870 1974 quidem
893 1899 1034 1974 cognovit
1053 1898 1086 1972 ³),
1104 1898 1155 1957 sed
1170 1899 1260 1957 huius

193 1997 270 2067 libri,
303 2000 424 2057 auctore
455 1996 578 2068 Velleio,
610 1997 728 2055 Bellum
757 1996 848 2056 Civile
877 2000 907 2056 et
928 1997 1082 2055 Sullanum
1105 1997 1260 2072 complexi,

196 2095 305 2154 bellum
334 2095 546 2170 Iugurthinum
568 2095 708 2154 scribenti
728 2095 840 2153 nullam
862 2095 1024 2154 utilitatem
1046 2095 1186 2170 praebere
1207 2115 1260 2170 po-

195 2197 327 2252 tuerunt.
370 2193 500 2252 Velleius
529 2194 612 2252 iuxta
633 2193 779 2252 Rutilium
802 2192 958 2252 Claudium
980 2192 1208 2268 Quadrigarium
1230 2196 1261 2251 et

195 2291 348 2350 Valerium
369 2290 520 2350 Antiatem
543 2292 692 2349 annalium
714 2292 873 2366 scriptores
894 2291 1036 2362 nominat,
1059 2310 1186 2367 quorum
1199 2311 1260 2350 om-

195 2390 278 2448 nium
309 2409 399 2464 opera
430 2389 570 2448 Sallustio
594 2389 721 2463 ,cognita
748 2388 839 2448 fuisse
868 2388 1026 2447 verisimile
1048 2393 1102 2459 est,
1125 2389 1176 2447 sed
1197 2389 1261 2447 fieri

193 2507 252 2546 non
273 2489 374 2563 potest
394 2490 428 2545 ut
451 2487 486 2544 de
508 2486 661 2562 scriptore,
686 2487 781 2563 qualis
803 2485 963 2545 Sallustius
984 2487 1051 2557 fait,
1073 2487 1182 2562 quibus
1194 2486 1261 2545 fon-

194 2585 274 2644 tibus
296 2584 326 2641 in
348 2584 484 2643 omnibus
505 2584 646 2643 historiae
668 2603 738 2642 suae
750 2584 885 2659 partibus
898 2583 1115 2643 conscribendis
1127 2603 1199 2642 usus
1213 2585 1261 2654 sit,

194 2682 377 2742 ostendatur.

235 2781 377 2840 Attamen
409 2780 443 2838 de
465 2779 598 2838 fontibus
621 2779 751 2839 cuiusvis
773 2779 934 2854 scriptoris,
957 2779 1027 2838 licet
1048 2799 1098 2837 eos
1119 2799 1177 2838 non
1198 2780 1262 2855 ipse

195 2878 414 2954 significaverit,
446 2879 532 2953 plura
564 2877 709 2953 quaedam
731 2878 877 2936 adunam
899 2877 1067 2952 argumenti
1088 2881 1213 2952 partem.
1226 2878 1262 2936 ad

194 2995 240 3034 res
262 2975 291 3033 in
314 2975 417 3034 castris
439 2975 553 3033 bellove
575 2979 675 3050 gestas
693 2975 880 3051 pertinentia,
894 2994 981 3050 saepe
994 2993 1171 3049 cognoscere
1182 2975 1260 3033 licet.

195 3074 258 3132 Hae
289 3073 367 3130 enim
397 3091 445 3130 res
478 3075 548 3130 sunt
569 3092 695 3148 quarum
718 3073 943 3148 diligentissima
964 3073 1071 3131 notitia
1092 3092 1151 3132 non
1171 3092 1261 3147 penes

194 3172 236 3229 ita
264 3171 375 3229 multos
396 3170 529 3229 homines
550 3170 642 3229 fuisse
663 3175 772 3246 potest,
797 3190 935 3230 numerus
956 3171 1094 3241 fontium,
1117 3191 1132 3230 e
1153 3171 1261 3246 quibus

195 3267 340 3327 eiusmodi
361 3288 406 3327 res
428 3268 539 3326 hauriri
560 3272 733 3343 potuerunt,
755 3288 786 3327 re
807 3269 871 3344 ipsa
893 3269 1027 3343 exiguior
1049 3272 1102 3328 est.
1132 3269 1261 3327 Multum

195 3366 316 3442 quidem
349 3365 384 3423 ab
418 3385 452 3423 ea
482 3385 513 3424 re
540 3366 649 3441 pendet
671 3367 757 3442 quale
778 3385 871 3441 genus
893 3368 987 3425 terrae
1010 3367 1057 3437 sit,
1078 3367 1130 3425 ubi
1151 3366 1261 3425 bellum

195 3463 362 3539 gerebatur.
405 3464 486 3533 Quae
518 3463 542 3521 si
574 3466 628 3534 est,
660 3467 695 3522 ut
725 3462 854 3534 Graecia,
882 3464 965 3539 regio
987 3465 1048 3523 vita
1069 3466 1158 3540 atque
1180 3465 1262 3522 victu

196 3562 276 3620 culta
297 3564 327 3619 et
348 3561 485 3636 expolita,
508 3565 678 3636 exspectare
700 3562 769 3620 licet
791 3562 880 3620 etiam
902 3561 938 3620 ab
960 3563 1064 3622 incolis
1081 3563 1174 3638 ipsius
1186 3563 1260 3637 regi-

196 3659 260 3718 onis
292 3659 429 3718 notitiam
460 3678 560 3716 rerum
592 3658 776 3734 quarundam
809 3660 1004 3734 singularium
1023 3664 1169 3719 servatam
1187 3680 1259 3730 esse,

196 3777 271 3833 quae
300 3757 408 3816 sensim
428 3756 632 3833 paulatimque
654 3777 671 3815 a
692 3757 886 3832 scriptoribus
908 3762 1029 3834 accepta
1046 3758 1261 3834 posterioribus

197 3855 351 3914 commodo
378 3855 443 3913 erit.
485 3854 537 3912 Sin
558 3858 658 3913 autem
679 3855 790 3913 bellum
811 3860 930 3930 gestum
952 3857 1047 3916 estin
1068 3859 1146 3915 terra
1167 3863 1261 3925 vasta,

195 3973 301 4029 parum
323 3957 394 4012 nota
415 3954 570 4029 omnisque
592 3953 690 4012 cultus
712 3956 742 4012 et
762 3953 955 4014 humanitatis
977 3955 1098 4030 experti,
1121 3954 1169 4013 cui
1194 3974 1261 4029 pro·

196 4052 261 4128 pria
291 4052 457 4111 litterarum
490 4055 690 4123 monumenta,
713 4072 783 4129 opes
804 4053 949 4112 retinendi
968 4053 1141 4114 memoriam
1162 4072 1261 4112 rerum

235 4308 253 4376 ¹)
270 4317 334 4365 var.
351 4318 385 4377 11,
404 4320 427 4376 a,
447 4320 468 4365 1.
488 4343 519 4351 -
540 4309 557 4376 ⁹)
578 4319 662 4375 Peter,
679 4319 709 4365 rr.
728 4332 752 4382 p.
773 4320 827 4365 120.
847 4343 877 4352 -
898 4309 917 4376 ³)
934 4317 997 4366 ren.
1016 4318 1050 4376 11,
1070 4321 1093 4377 e,
1112 4319 1134 4365 a
