2916 5062
702 479 740 539 12

197 637 372 721 ,δεομένων
386 635 565 719 ἐπιμελείας
577 637 784 721 προιέμενον”
806 649 906 720 fuisse,
930 648 981 708 sad
1001 649 1073 707 haec
1089 649 1261 708 coniectura

193 768 256 808 esse
277 748 396 808 videtur
416 748 585 818 Plutarchi3
607 747 775 820 Sallustius,
797 748 858 825 qui,
879 751 914 807 ut
936 767 970 806 ex
991 747 1217 824 reprehensione
1229 747 1260 804 in

193 846 345 905 Sisennam
377 849 509 921 apparet,
544 846 642 905 Sullae
673 847 747 906 vitia
767 866 826 906 non
848 845 1034 916 detrectavit,
1056 845 1161 904 melius
1183 845 1261 904 sciro

192 944 292 1020 potuit
305 944 337 1018 ¹).
359 944 425 1002 Hoc
446 946 563 1002 tantum
585 945 764 1004 Plutarchus
785 949 864 1004 recte
875 943 1000 1014 monuit,
1014 943 1261 1003 consuetudinem

194 1061 261 1101 cum
282 1041 476 1101 histrionibus
498 1062 593 1117 neque
614 1042 710 1102 famae
731 1062 826 1119 neque
844 1042 978 1101 moribus
990 1041 1088 1100 Sullae
1100 1041 1258 1117 profuisse.

192 1141 243 1199 nis
254 1139 424 1215 petentibus
436 1141 509 1198 nihil
520 1141 649 1216 negavit,
662 1141 806 1216 quosdam
818 1140 903 1199 bonis
915 1139 1068 1199 hominum
1079 1140 1261 1214 proscripto·
1318 1152 1322 1159 ’

193 1258 259 1297 rum
280 1239 475 1315 locupletavit
486 1238 519 1312 2).
541 1238 597 1296 Illa
616 1239 799 1298 consuetudo
812 1259 880 1297 eum
891 1239 1027 1298 iuvenem
1039 1237 1076 1296 ad
1086 1237 1261 1296 libidinibus

193 1341 223 1396 et
259 1337 385 1396 fortasse
424 1337 513 1395 etiam
549 1337 753 1413 superstitioni
791 1336 1005 1412 indulgendum
1036 1336 1262 1412 propensiorem

192 1434 330 1493 reddidit.

234 1531 332 1591 Sullae
360 1532 421 1592 vita
445 1534 532 1609 plena
554 1536 599 1593 est
620 1533 804 1606 indiciorum,
828 1554 896 1592 eum
917 1533 1161 1610 superstitionem
1184 1531 1261 1590 anti-

194 1649 332 1707 quorum,
353 1649 413 1707 qua
434 1631 569 1703 oraculis,
591 1633 746 1707 portentis,
768 1631 921 1692 insomniis
943 1631 1152 1691 auctoritatem
1167 1649 1261 1707 quan·

195 1729 263 1787 darn
284 1727 493 1800 attribuerunt,
516 1749 632 1789 summo
654 1749 742 1807 opere
765 1730 899 1790 coluisse.
931 1730 975 1789 Ex
996 1729 1140 1789 sexcentis
1163 1747 1260 1787 exem-

192 1827 259 1903 plis,
291 1847 367 1903 quae
399 1827 576 1887 documento
607 1847 670 1888 esse
691 1832 826 1905 possunt,
848 1848 943 1887 unum
964 1830 1081 1886 tantum
1102 1827 1259 1902 eligimus:

195 1944 263 1983 eum
294 1924 331 1982 ab
363 1943 452 1984 aureo
485 1925 641 1985 simulacro
673 1925 821 2001 Apollinis
843 1925 932 2002 quod,
954 1927 1114 2001 postquam
1135 1923 1260 2000 Delphis

195 2021 328 2093 abstulit,
350 2022 417 2081 inde
439 2022 475 2081 ab
494 2041 528 2082 eo
539 2025 673 2100 tempore
686 2043 803 2099 semper
813 2024 919 2083 ominis
932 2041 1021 2083 causa
1032 2042 1133 2082 secum
1143 2021 1260 2093 habuit,

195 2120 225 2177 in
255 2121 321 2195 ipso
352 2119 476 2196 periculi
497 2121 673 2194 discrimine,
696 2141 764 2181 cum
785 2121 822 2180 ad
842 2124 959 2197 portam
982 2120 1125 2181 Collinam
1145 2137 1260 2196 pugna-

194 2222 277 2277 retur
308 2218 345 2291 (a.
368 2219 441 2294 82⁰),
474 2219 709 2279 osculabundum
732 2220 874 2279 auxilium
894 2219 1035 2295 petivisse
1056 2218 1089 2293 ³).
1131 2217 1207 2276 Dein
1228 2218 1260 2276 in

196 2315 420 2376 Commentariis
459 2316 493 2376 de
530 2318 691 2378 innumeris
719 2319 876 2390 ominibus,
908 2316 1064 2387 vaticiniis,
1095 2315 1260 2387 insomniis,

194 2414 258 2473 aliis
290 2414 320 2472 id
351 2433 444 2490 genus
476 2415 564 2475 rebus
597 2416 712 2475 abunde
745 2417 924 2476 mentionem
957 2415 1046 2486 fecit3
1079 2414 1157 2472 unde
1189 2433 1260 2472 enm

192 2513 298 2571 talium
319 2533 418 2572 rerum
439 2532 618 2589 magnopere
639 2515 784 2574 rationem
802 2515 944 2573 habuisse
967 2515 1099 2589 apparet.
1133 2512 1262 2572 Somniis

192 2611 327 2686 inprimis
353 2615 468 2671 tantam
488 2612 577 2671 fidem
597 2612 711 2685 habuit,
733 2616 769 2672 ut
789 2613 819 2671 in
842 2611 1067 2672 Commentariis
1090 2599 1265 2692 Lucullum,

194 2715 241 2773 cui
269 2733 344 2791 opus
373 2714 528 2789 dedicavit,
551 2735 619 2776 cum
640 2716 670 2776 vi
691 2717 819 2792 quadam
841 2717 999 2776 admoneat
1021 2705 1138 2796 ,μηδὲν
1163 2709 1263 2780 οὕτως

198 2817 363 2893 ,ἡγεῖσθαι
394 2811 528 2896 βέβαιον
557 2815 598 2884 ui:
628 2815 676 2876 ὃτι
708 2817 750 2877 ἂν
784 2814 870 2896 αὐτῷ
894 2811 1052 2898 προστάξῃ
1078 2818 1201 2895 νύκτωρ
1227 2816 1263 2876 τὸ

199 2917 406 2999 ,δαιμόνιον”
427 2927 537 3002 essee
559 2930 658 2986 tamen
680 2947 768 2987 causa
789 2929 889 2985 tantae
912 2926 1131 3002 superst'tionis
1152 2927 1182 2984 in
1204 2927 1262 2986 hoc

194 3027 292 3102 posita
320 3045 383 3085 esse
413 3028 523 3102 potest,
546 3025 627 3101 quod
647 3025 732 3084 tardo
754 3025 875 3100 ingenio
898 3026 988 3094 esset;
1011 3023 1170 3083 Sallustius
1191 3044 1262 3083 eum

198 3123 311 3197 ,animo
333 3124 471 3199 ingente'’
493 3123 585 3182 fuisse
606 3125 687 3182 recte
708 3125 819 3194 monet,
845 3122 1022 3195 „callidum”
1045 3124 1075 3180 et
1099 3122 1154 3194 „ad
1171 3107 1280 3182 simu-¹

198 3222 301 3295 ,landa
322 3222 442 3298 negotia
463 3220 619 3280 altitudine
642 3221 752 3296 ingenii
772 3220 956 3279 incredibili'’
978 3220 1012 3294 ὁ).
1035 3220 1139 3296 Neque
1158 3220 1262 3279 eadem

195 3319 371 3391 conditione,
414 3339 473 3396 qua
513 3317 635 3389 Marius,
678 3318 709 3376 in
741 3318 825 3377 cuius
858 3318 1066 3394 superstitiosa
1096 3319 1263 3378 reverentia

195 3418 327 3478 ominum
354 3420 384 3476 et
403 3417 611 3477 vaticiniorum
633 3415 746 3492 aliquid
767 3420 883 3492 agreste
905 3419 935 3474 et
955 3414 1064 3490 plebeii
1085 3419 1157 3487 erat,
1179 3419 1210 3475 et
1231 3416 1262 3474 in

195 3535 254 3592 quo
276 3516 332 3575 hoc
353 3515 460 3576 vitium
481 3515 588 3574 humili
609 3515 674 3574 loco
697 3533 756 3591 quo
777 3517 865 3573 natus
887 3517 951 3572 erat
963 3517 992 3572 et
1004 3514 1096 3573 indoli
1106 3514 1263 3573 hominum

195 3615 272 3673 inter
303 3633 378 3690 quos
410 3613 554 3672 educatus
586 3616 658 3685 erat,
690 3612 783 3672 tribui
814 3613 891 3671 licet.
935 3612 1016 3670 Sulla
1047 3630 1163 3671 summo
1194 3613 1262 3673 loco

194 3716 282 3771 nctus
311 3712 424 3771 artibus
451 3711 559 3787 quibus
580 3713 720 3771 mortales
743 3711 779 3770 ad
800 3710 1017 3771 humanitatem
1039 3710 1190 3769 informari
1213 3730 1262 3771 so-

194 3813 265 3882 lent,
288 3809 422 3869 eruditus
443 3812 520 3880 erat;
542 3809 605 3868 eius
628 3809 738 3868 ordinis
760 3810 892 3869 homines
915 3808 1126 3884 superstitione
1140 3808 1262 3884 quidem

195 3928 254 3967 non
291 3927 414 3983 prorsus
456 3906 610 3979 vacabant,
643 3907 694 3965 sed
724 3925 783 3964 non
813 3911 968 3984 tantopere
1000 3907 1027 3966 ei
1058 3906 1262 3982 indulgebant,
1297 3938 1299 3942 v

232 4163 250 4225 ¹)
286 4171 352 4218 ibid.
371 4172 410 4228 95,
430 4173 452 4217 2.
469 4196 497 4205 —
520 4162 538 4225 ”t
555 4171 676 4218 Nicolans
693 4171 866 4218 Damascenns
884 4170 952 4229 apud
970 4170 1062 4217 Athen.
1079 4172 1120 4228 VI,
1132 4184 1156 4230 p.
1171 4172 1262 4231 26103

197 4256 264 4303 Plut.
290 4256 359 4303 Sulla
385 4258 424 4302 33.
452 4280 483 4288 -
510 4247 764 4313 ³)P1ur.1bid.29;
791 4257 843 4304 Vel.
862 4256 926 4302 Max.
945 4256 965 4312 Ι,
984 4258 1007 4312 2,
1025 4258 1057 4312 33
1075 4256 1162 4302 Front.
1184 4257 1263 4306 Strat.

196 4343 217 4400 Ι,
237 4343 276 4400 11,
296 4343 334 4389 11.
353 4365 384 4378 ·-
404 4332 423 4396 ⁴)
441 4340 509 4388 Plut.
526 4340 596 4389 Sulla
614 4343 644 4399 63
663 4341 761 4389 Lucull.
780 4344 819 4389 23.
840 4333 859 4396 ⁶)
877 4341 934 4389 Sall.
952 4341 981 4388 B.
1000 4341 1020 4388 Ι.
1039 4341 1079 4398 95,
1097 4342 1120 4388 3.
