2916 5062
614 489 652 550 'cl

114 653 187 722 ,heit
222 653 276 710 deu
310 653 516 710 sallustischen
547 652 669 733 Bericht
701 650 774 708 iiber
805 649 861 708 den
892 650 1023 725 Feldzug
1054 649 1170 725 pullen,

114 751 262 818 ,kommen
285 751 339 808 wir
361 770 396 807 zu
419 750 474 808 den
497 751 627 819 Sollium,
650 750 718 807 dass
740 749 786 805 die
808 748 900 805 Sache
922 749 973 806 der
994 748 1103 805 Romer
1124 769 1170 804 am

113 847 206 917 ,Ende
239 847 403 906 schlechter
436 849 521 906 stand
553 849 595 906 als
627 867 675 905 am
696 846 844 921 Anfang.’'
887 846 981 916 Quam
1003 847 1171 921 opinionem

110 963 140 1002 er
173 964 270 1003 errore
302 948 402 1003 natam
424 965 487 1004 esse
507 948 555 1003 vel
577 965 611 1002 ex
633 965 667 1003 eo
689 948 813 1019 apparet
834 944 914 1017 quod
935 943 1082 1018 Iugurtha
1102 947 1172 1019 post

110 1041 179 1099 hanc
212 1042 431 1118 expeditionem
463 1047 618 1117 tantopere
650 1043 730 1100 omni
761 1061 813 1117 spe
843 1042 1004 1100 destitutus
1032 1045 1104 1112 erat,
1126 1047 1170 1111 ut,

110 1156 286 1214 quamquam
317 1141 376 1198 iam
406 1141 457 1198 diu
490 1141 630 1215 cognovit
652 1143 763 1214 quanta
783 1140 905 1214 perfidia
926 1139 1063 1198 Bocchus
1084 1142 1171 1210 esset,

110 1239 231 1296 salutem
254 1238 290 1296 ab
312 1257 346 1296 eo
368 1245 469 1313 petere
492 1243 611 1297 coactus
634 1242 720 1296 esset.
743 1237 808 1294 Viri
830 1237 984 1296 clarissimi
1005 1237 1077 1295 lhne
1090 1256 1172 1296 error

109 1336 172 1394 inde
194 1339 278 1395 ortus
297 1330 364 1394 'esse
385 1336 504 1394 videtur
525 1335 606 1410 quod
627 1336 814 1410 Iugurtham,
836 1340 995 1411 postquam
1019 1336 1107 1394 armis
1123 1336 1170 1393 de·

110 1437 252 1493 certatum
284 1439 338 1502 est,
370 1435 518 1493 thesauris
550 1435 601 1508 qui
635 1434 690 1492 soli
723 1438 896 1509 supererant
926 1433 1077 1508 privatum
1108 1453 1171 1492 esse

109 1551 165 1591 non
186 1533 269 1591 vidit..
311 1532 416 1607 Neque
437 1533 601 1591 Mommsen
623 1552 650 1591 r.
674 1533 709 1590 cl.
732 1531 767 1590 de
790 1531 899 1590 eisdem
921 1532 1069 1590 thesauris
1091 1535 1171 1590 recte

109 1630 234 1689 iudicare
256 1631 383 1702 videtur,
405 1631 566 1689 arbitratus
589 1631 742 1689 castellum
755 1629 792 1688 ad
803 1629 990 1689 Muluccham
1002 1630 1093 1688 luisse
1108 1630 1171 1700 ,ein

112 1727 317 1803 ,Bergcastell
340 1728 367 1785 in
391 1728 443 1787 das
465 1729 612 1804 Iugurtha
633 1728 712 1786 scine
733 1728 827 1786 Kassa
849 1727 992 1802 geschafft
1012 1727 1114 1785 hatte’'
1138 1728 1169 1801 1).

145 1826 255 1896 Quanti
286 1827 429 1885 momenti
460 1827 571 1884 fuerint
591 1826 724 1884 thesauri
745 1827 828 1902 regni
848 1825 1008 1896 Numidici,
1032 1846 1048 1883 a
1069 1825 1170 1883 Massi·

107 1924 183 1983 nissa
211 1942 280 1999 rege
313 1925 383 1984 olim
406 1924 525 1994 conditi,
548 1925 659 1999 optime
681 1924 870 1998 intellegetur
891 1923 916 1982 si
938 1923 1113 1998 cogitaveris
1136 1922 1171 1980 de

108 2022 354 2098 thesaurus-egei
375 2022 495 2093 Persici,
519 2043 593 2098 quae
615 2022 782 2080 Alexander
802 2022 928 2096 Magnus
951 2021 1171 2080 successoribus

108 2121 165 2179 suis
187 2121 308 2196 reliquit
329 2121 362 2194 ²).
405 2120 473 2196 Ipse
495 2120 653 2178 Sallustius
684 2123 868 2178 momentum
885 2119 1094 2178 thesaurorum
1109 2119 1170 2177 Nu-

107 2218 278 2277 midicornm
301 2218 487 2293 significavit,
506 2237 627 2276 narrans
645 2218 800 2276 consilium
815 2217 899 2291 regni
920 2217 1077 2287 dividendi,
1091 2215 1171 2292 quod

108 2315 245 2390 Micipsae
266 2315 319 2373 filii
342 2320 492 2391 ceperunt,
515 2315 587 2373 nihil
609 2315 690 2373 aliud
711 2315 801 2373 fuisse
823 2315 879 2372 nisi
899 2314 1108 2373 thesaurorum
1130 2315 1170 2372 di·

107 2413 248 2472 visionem
266 2414 289 2488 ³)
314 2449 348 2457 -
372 2414 451 2487 (nam
473 2414 583 2488 singuli
594 2413 726 2472 thesauri
737 2416 821 2471 erant
832 2417 931 2471 centra
942 2414 1170 2488 provinciarum,

108 2530 165 2586 quo
187 2511 285 2570 omnia
302 2512 459 2585 vectigalia
470 2511 654 2586 singularum
666 2510 885 2586 provinciarum
897 2511 1170 2586 comportabantur)

107 2635 140 2650 —
153 2612 183 2666 et
199 2626 283 2683 reges
305 2608 448 2668 divisione
470 2610 548 2667 facta
569 2610 634 2668 loca
655 2609 802 2667 thesauris
824 2608 880 2667 sibi
895 2609 1040 2668 concessis
1052 2609 1170 2684 propin-

108 2724 164 2781 qua
191 2707 382 2782 capessivisse
394 2707 429 2781 4).
451 2706 594 2765 Thesauri
615 2707 658 2763 illi
680 2706 869 2765 continebant
891 2706 1172 2782 opesaMassinissa

109 2807 273 2878 congestae,
303 2808 467 2863 asservatas
488 2805 518 2861 in
539 2804 745 2863 munitissimis
768 2805 895 2863 castellis
918 2809 947 2862 et
969 2804 1133 2863 custoditas
1155 2825 1171 2861 a

108 2901 284 2961 fidelissimis
305 2903 394 2978 regiis
416 2902 567 2961 ministris.
600 2902 734 2971 Quorum
750 2903 958 2961 thesaurorum
973 2921 1050 2960 unus
1068 2901 1171 2959 Numi·

110 2999 171 3058 diae
198 2999 354 3059 Orientalis
376 3001 413 3058 ad
435 3001 544 3058 Suthul
565 3000 669 3059 urbem
691 3000 776 3069 situs
799 3019 875 3071 anno
898 2999 977 3071 110⁰,
999 3000 1171 3059 aviditatem

109 3096 179 3154 Auli
210 3098 357 3156 Postumii
387 3097 489 3155 Albini
519 3097 610 3172 legati
640 3098 752 3157 frustra
784 3098 967 3156 excitaverat>
993 3098 1027 3172 5).
1068 3097 1172 3157 Eidem

110 3199 193 3254 erant
222 3196 335 3271 proprii
359 3196 442 3253 nervi
472 3195 589 3271 imperii
610 3197 692 3271 regii,
715 3196 745 3253 in
767 3196 875 3270 quibus
896 3197 1044 3271 possessio
1066 3196 1171 3254 exerci-

109 3296 204 3364 tuum,
231 3294 388 3364 sociorum,
410 3294 581 3365 amicorum,
604 3294 774 3353 adiutorum
794 3294 892 3370 posita
913 3298 984 3365 erat,
1006 3295 1171 3371 quodcum

110 3390 188 3466 apud
219 3391 393 3449 Sallustium
425 3390 654 3462 demonstratur,
684 3395 750 3450 tum
772 3393 861 3450 etiam
883 3412 899 3449 a
921 3392 1045 3468 Micipsa
1065 3393 1120 3450 hac
1140 3412 1171 3450 re

110 3489 173 3565 ipsa
195 3489 386 3548 confirmatur
406 3489 457 3547 ubi
480 3490 504 3548 is
525 3490 570 3548 his
592 3489 689 3549 verbis
710 3490 740 3547 id
759 3489 899 3565 denegat:
936 3509 1009 3561 ,uon
1028 3491 1172 3548 exercitus

115 3607 226 3662 ,neque
247 3587 379 3646 thesauri
399 3588 546 3662 praesidia
566 3587 650 3662 regni
671 3590 750 3659 sunt,
771 3607 875 3646 verum
897 3589 1001 3646 amici’
1025 3589 1056 3661 6).

111 3742 323 3749 --..—...--.-.

147 3826 163 3889 ¹]
183 3835 325 3880 Mommsen
342 3835 414 3881 nom.
434 3834 525 3880 aeson.
544 3834 577 3888 11,
596 3847 620 3892 p.
641 3835 695 3879 152.
716 3859 745 3865 -
768 3823 785 3888 2)
803 3834 894 3880 lusan.
912 3835 981 3890 rur,
1002 3835 1023 3890 1,
1043 3836 1130 3890 aeta
1147 3835 1173 3879 et

111 3920 142 3966 de
159 3919 324 3975 Mithridatis,
343 3920 386 3978 qui
403 3921 537 3978 postquam
556 3918 691 3964 thesauros
710 3918 858 3964 Cabirornm
877 3919 969 3975 amisit,
989 3919 1021 3964 ad
1038 3919 1172 3976 Tigranem

112 4004 184 4062 fugit.
212 4000 287 4058 (Plut.
312 4004 411 4051 Lucull.
439 4005 477 4059 18,
504 4003 562 4049 Sall.
589 3999 837 4056 11116111).-
867 3994 885 4057 ³)
903 4003 961 4049 Sall.
982 4005 1019 4058 12,
1040 4006 1051 4048 1
1073 4003 1172 4057 „Primo

113 4092 262 4145 „conventu
288 4102 363 4148 quem
381 4091 412 4135 ab
427 4089 522 4147 regulis
540 4088 634 4133 factum
653 4101 730 4146 snpra
748 4088 894 4143 memoravi,
914 4091 1018 4147 propter
1035 4088 1174 4133 dissensio-

112 4188 184 4229 „nem
211 4174 341 4233 placuerat
367 4174 447 4220 dividi
465 4172 600 4218 thesauros
617 4173 724 4231 finisque
742 4172 833 4230 imperi
851 4173 958 4231 singulis
976 4171 1122 4219 constitui''.
1143 4195 1173 4203 -·

112 4250 132 4312 ⁴)
152 4261 190 4315 12,
209 4262 239 4305 2:
260 4258 360 4317 ,itaque
378 4261 478 4317 tempus
496 4258 528 4302 ad
546 4260 678 4316 utramque
696 4270 750 4302 rem
768 4257 919 4314 decernitur,
940 4257 985 4303 sed
1003 4257 1128 4303 maturius
1143 4257 1174 4303 ad

115 4343 261 4404 ¹,pecuniam
279 4340 506 4389 dist1·ibuendam”.
526 4367 556 4375 -
577 4333 595 4395 ⁶)
613 4341 672 4388 Sall.
691 4342 730 4399 37,
750 4343 772 4388 3.
792 4366 822 4373 —
839 4333 858 4396 6)
878 4344 916 4399 10,
935 4344 957 4389 4.
