2916 5062
210 646 316 719 ,atque
338 643 511 703 interfectus
533 648 587 715 est,
610 645 669 703 duo
690 645 743 702 filii
757 646 886 704 consulis
900 648 993 719 caesi,
1017 651 1169 726 octoginta
1191 648 1272 709 milia

210 741 429 812 ,Romanorum
462 743 668 818 sociorumque
700 764 734 802 ea
762 747 939 818 tempestate
969 748 1125 819 trucidata,
1148 750 1271 825 quadra·

210 841 309 913 ,ginta
331 841 412 897 milia
433 841 569 899 calonum
589 845 678 916 etque
695 842 821 898 lixarum
839 842 993 901 interfecta
1019 846 1124 904 Antias
1141 848 1271 906 scribit'’.

206 938 291 1007 Quod
324 939 467 1014 sequitur,
497 939 597 996 docem
619 939 752 996 homines
774 943 891 997 tantum
914 943 1103 1015 superfuisse,
1126 945 1178 1019 qui
1198 965 1270 1002 nun·

204 1036 280 1093 tium
301 1039 495 1111 reportarent,
518 1037 607 1095 etiarn
629 1037 665 1094 ad
683 1037 836 1095 Antiatem
854 1039 1039 1097 referendum
1060 1060 1123 1100 esse
1142 1042 1269 1112 videtur,

205 1153 395 1210 quamquam,
416 1139 451 1194 ut
472 1154 563 1210 supra
584 1135 652 1206 dixi,
674 1155 735 1193 rem
757 1155 913 1210 perperam
934 1137 969 1194 ab
993 1137 1096 1197 Oresio
1119 1145 1269 1216 acceptam

204 1250 266 1290 esse
289 1232 446 1291 verisimile
468 1236 521 1290 est.

244 1329 318 1388 Oum
349 1330 394 1388 his
422 1330 520 1389 verbis
543 1331 739 1405 comparanda
760 1334 830 1389 sunt
850 1332 941 1390 verba
962 1334 1107 1409 epitomae
1130 1335 1268 1394 Livianae

203 1429 281 1488 67⁸⁰:
318 1429 406 1499 ,victi
437 1429 550 1502 proelio
573 1429 676 1487 castris
698 1448 817 1504 quoque
839 1430 914 1488 binis
937 1432 1017 1489 exuti
1039 1436 1117 1503 sunt,
1139 1434 1268 1492 militum

204 1526 302 1598 ,milia
330 1526 482 1601 octoginta
511 1526 616 1596 occisa,
649 1527 785 1585 calonum
808 1531 837 1585 et
858 1528 983 1585 lixarum
1005 1530 1201 1605 quadraginta
1222 1551 1268 1590 se-

204 1623 351 1694 ,cundum
375 1669 380 1681 .
404 1670 410 1682 .
434 1670 440 1682 .
464 1629 500 1683 .”.
544 1625 616 1682 Post
644 1625 822 1683 vocabulum
854 1628 1044 1696 „scoriadam”
1076 1648 1153 1687 unus
1176 1629 1267 1688 codex

199 1721 408 1796 (Nazarienus)
439 1722 529 1781 habet
564 1725 810 1798 „reprensionem”
842 1724 952 1795 (littera
973 1745 987 1781 e
1008 1725 1157 1801 adscripta
1178 1746 1266 1802 super

200 1821 323 1878 alteram
344 1821 384 1893 a).
434 1820 505 1879 lude
538 1818 704 1879 Gronovius
738 1821 862 1878 coniecit
896 1822 1137 1892 ,Arausionem''.
1180 1825 1265 1882 Alius

199 1918 291 1977 codex
312 1922 398 1977 vetus
421 1917 695 1994 (Guelferbytanus)
718 1922 747 1976 et
769 1919 882 1977 codices
903 1921 1080 1988 recentiores
1102 1921 1211 1979 habent
1230 1943 1266 1994 ,a

203 2036 255 2092 ,po
285 2037 320 2075 ro
351 2019 517 2076 naaionem”
542 2017 573 2089 1).
616 2016 679 2073 Iam
712 2016 823 2074 clarum
855 2020 908 2087 est,
930 2036 984 2092 pro
1005 2019 1056 2077 illo
1082 2022 1264 2090 „elisionem”

197 2115 347 2173 levissime
368 2115 531 2174 mutatione
553 2115 696 2173 substitui
716 2133 803 2189 posse
829 2116 1024 2185 ,Antiatem
1048 2117 1082 2174 ld
1104 2118 1194 2176 etiam
1210 2118 1264 2176 hac

197 2232 228 2271 re
256 2216 398 2288 praestat,
427 2213 507 2289 quod
532 2212 711 2284 ,secundum
731 2213 947 2270 A1·ausi0nem”
969 2213 1041 2271 nihil
1063 2223 1118 2284 est,
1143 2234 1264 2286 ,secun-

202 2311 289 2382 ,dum
308 2311 479 2370 Antiatem'’
501 2329 570 2368 vero
593 2309 704 2385 optime
727 2329 756 2368 se
778 2309 876 2368 habet.
918 2311 1073 2370 Praeterea
1094 2313 1123 2369 in
1145 2332 1179 2371 ea
1201 2333 1263 2372 sen-

198 2409 299 2480 tentie,
331 2409 360 2466 in
393 2428 451 2484 qua
483 2408 517 2466 de
539 2427 662 2466 numero
685 2427 837 2466 caesorum
859 2408 1011 2482 agebatur,
1033 2410 1116 2468 locus
1138 2430 1196 2470 non
1218 2416 1263 2470 est

196 2506 308 2564 nomini
330 2506 432 2580 oppidi
453 2506 489 2563 ad
511 2506 591 2580 quod
611 2508 779 2580 pugnatum
801 2505 855 2575 sit;
877 2505 908 2562 id
929 2507 954 2563 si
971 2507 1261 2580 nominaridebebat,

196 2605 292 2662 multo
314 2608 381 2661 ante
402 2603 613 2662 nominandum
634 2604 738 2661 fuerat.
781 2604 843 2661 Has
865 2603 902 2661 ob
922 2623 1023 2662 causas
1053 2604 1182 2663 dubitari
1202 2626 1261 2665 non

195 2705 304 2775 potest,
337 2701 407 2776 quin
452 2703 637 2773 „Antiatem”
669 2701 786 2759 restitui
823 2700 936 2771 debeat,
964 2703 1072 2760 reiecta
1094 2704 1262 2763 coniectura

198 2800 438 2870 ,Arausionera''.
481 2799 538 2858 Sed
570 2800 610 2857 sic
642 2799 731 2857 etiam
762 2799 904 2856 molestae
935 2803 1055 2857 manent
1085 2801 1200 2859 litterae
1225 2822 1260 2874 ,a

198 2916 250 2972 ,po
280 2902 342 2969 r0'’,
375 2918 501 2974 quarum
532 2898 643 2954 nullam
675 2897 819 2955 rationem
841 2896 929 2954 etiam
950 2897 1055 2955 habuit
1084 2896 1259 2958 Gronovius,

193 2995 294 3054 Liceat
314 2996 439 3054 fortasse
462 2995 606 3071 suspicari
627 2995 656 3051 in
677 2994 722 3052 his
746 2995 852 3052 litteris
871 2995 965 3052 inesse
982 2994 1121 3070 reliquias
1132 2998 1258 3056 nominis

195 3093 345 3167 gentilicii,
375 3098 405 3152 et
433 3094 503 3152 olim
525 3092 669 3168 scripturn
689 3092 780 3150 fuisse
806 3094 976 3164 ,secundum
1004 3092 1153 3151 Valeriam
1174 3095 1259 3153 Anti-

199 3196 319 3262 ,atem’'.
361 3191 507 3267 Quicquid
538 3210 637 3249 rerum
669 3194 722 3262 est,
755 3191 813 3248 iam
844 3210 897 3266 per
928 3210 958 3248 se
986 3191 1057 3249 satis
1080 3192 1192 3249 clarum
1213 3197 1259 3252 est
1329 3267 1331 3270 y

195 3290 332 3350 Orosium
364 3309 422 3348 non
453 3290 573 3365 proprio
605 3290 699 3348 Marte
731 3289 837 3347 adiisse
867 3288 957 3346 libros
979 3289 1258 3359 Antiatis3'nomen

193 3389 322 3447 Antiatis
344 3389 402 3446 iam
424 3408 440 3444 a
461 3387 545 3446 Livio
567 3387 720 3445 laudatum
743 3386 843 3457 fuisse,
867 3406 934 3444 cum
955 3387 979 3445 is
1002 3387 1037 3444 de
1059 3407 1181 3446 numero
1200 3388 1256 3448 aa·

194 3506 348 3546 manorum
370 3486 406 3544 ad
428 3486 603 3544 Rhodanum
626 3504 779 3544 caesorum
800 3488 910 3558 ageret,
927 3485 1069 3542 affirmare
1080 3503 1256 3560 possurnus;

194 3605 228 3644 ex
249 3585 326 3644 Livii
347 3590 447 3643 autem
468 3583 550 3642 libris
571 3583 601 3640 id
622 3602 729 3641 nomen
750 3582 866 3640 transiit
878 3582 1000 3639 inillam
1019 3583 1167 3657 epitomen
1179 3584 1256 3643 Livi·

194 3704 278 3742 anam
310 3700 388 3741 nunc
421 3682 612 3759 deperditam,
636 3700 694 3756 qua
716 3681 838 3739 Orosius
861 3680 1009 3756 ceterique
1031 3681 1188 3756 scriptores
1210 3682 1256 3739 uti

192 3784 344 3853 solebant3
366 3783 433 3840 inde
454 3783 510 3840 hoc
533 3800 640 3840 nomen
662 3781 690 3837 in
712 3799 800 3838 suum
822 3798 897 3854 opus
918 3779 1070 3837 transtulit
1092 3779 1223 3839 Orosius.

231 3882 313 3939 Nihil
334 3881 426 3956 igitur
447 3880 556 3950 obstat,
578 3879 650 3954 quin
672 3878 810 3937 Orosium
830 3878 992 3936 referamus
1013 3877 1051 3935 ad
1065 3878 1252 3937 traditionem

155 3968 158 3975 ’
192 3980 364 4048 Livianam3
396 3979 466 4054 quin
499 3978 588 4036 etiam
620 3996 688 4034 eum
710 3976 794 4035 Livio
815 3995 904 4034 usum
925 3994 996 4045 esse,
1019 3975 1064 4032 his
1085 3975 1157 4050 ipsis
1179 3996 1253 4051 quae

192 4079 319 4136 diximus
351 4077 549 4135 confirmatur.
591 4073 678 4133 Idem
706 4077 805 4131 autem
832 4075 928 4132 valere
957 4072 992 4130 de
1013 4073 1107 4131 Ilione
1129 4077 1159 4131 et
1180 4074 1253 4132 Lici·

227 4333 244 4398 ¹)
263 4341 367 4389 Odalm
386 4341 413 4387 Τ.
423 4340 491 4387 Livii
507 4339 650 4400 periochae,
669 4338 739 4398 Lipa
759 4338 822 4384 1853
840 4350 865 4397 p.
885 4337 923 4384 70.
