2916 5062
789 451 846 510 106

285 613 424 689 tergressi
457 615 535 672 sunt.
578 612 650 670 Inde
681 613 794 670 factum
817 614 919 670 estut
941 611 1020 687 apud
1042 611 1241 670 Plutarchum
1264 611 1364 668 eastra
1398 679 1402 686 ι

287 714 498 787 oppugnantur
529 730 545 768 a
576 709 719 768 Teutonis
749 711 779 767 et
800 709 836 767 ab
858 708 1060 768 Ambronibus
1082 709 1262 786 (Toygeuos,
1285 725 1364 782 quos

287 810 392 867 addere
423 809 532 884 potuit,
566 808 687 880 omisit),
713 810 775 865 sine
801 808 943 881 Cimbris;
964 807 1045 882 apud
1067 807 1205 866 Orosium
1228 824 1299 864 vero
1326 840 1361 847 -

288 927 356 965 nam
377 907 482 965 Florus
504 906 632 981 populos
654 924 714 963 non
734 907 872 962 numerat
895 939 929 947 -
952 904 1058 980 populi
1077 905 1128 980 qui
1145 903 1366 978 aggrediuntur

288 1008 384 1063 castra
415 1007 485 1062 sunt
516 1003 673 1073 Teutones,
707 1001 817 1061 Cimbri
850 1005 880 1060 et
911 1001 1047 1076 Tigurini
1076 1006 1105 1060 et
1135 1001 1303 1059 Ambrones
1329 1000 1363 1072 ¹).

289 1102 362 1162 Cum
399 1105 499 1160 autem
521 1104 635 1160 constet
656 1100 736 1157 illam
759 1098 932 1158 divisionem
953 1099 989 1158 ab
1011 1099 1148 1159 hostibus
1167 1100 1274 1157 factam
1296 1117 1364 1156 essa

289 1201 345 1258 boo
377 1198 507 1267 consilia
539 1200 574 1255 ut
596 1198 687 1255 altera
708 1216 775 1271 pars
798 1197 975 1255 Rhodanum
997 1200 1026 1255 et
1044 1197 1115 1255 litus
1144 1196 1233 1254 maris
1256 1199 1363 1254 Secuta

291 1317 343 1372 per
371 1296 463 1371 Alpes
485 1295 648 1353 Maritimus
671 1297 791 1370 aparte
814 1294 987 1353 occidentali
1008 1293 1038 1351 in
1059 1293 1178 1352 Italiam
1199 1292 1366 1363 invaderet,

288 1394 381 1452 altera
403 1411 472 1451 vero
494 1374 586 1467 Alpes
609 1391 863 1466 septemtrionales
885 1410 988 1450 versus
1009 1391 1152 1450 orientem
1164 1394 1366 1465 transgressa,

289 1491 355 1549 inde
377 1510 430 1567 per
453 1490 593 1548 Noricum
616 1492 646 1548 et
666 1492 747 1547 trans
769 1489 861 1564 Alpes
884 1471 1020 1548 Carnibus
1043 1492 1095 1547 aut
1116 1488 1303 1547 Tridentinus
1328 1488 1367 1545 ad

290 1589 439 1648 Veronam
470 1588 574 1646 urbem
602 1591 632 1646 et
662 1588 771 1645 flumen
802 1587 907 1646 Atesin
928 1605 1093 1662 progressa,
1123 1590 1243 1662 aparte
1265 1586 1365 1644 orien-

292 1688 345 1746 tali
375 1688 405 1744 in
436 1687 554 1744 Italiam
581 1687 767 1760 irrumperet,
796 1704 918 1760 prorsus
940 1686 1056 1744 nullum
1077 1684 1201 1743 dubium
1223 1703 1286 1743 esse
1310 1703 1366 1760 po·

291 1789 351 1845 test
381 1785 442 1843 utri
474 1784 597 1854 auctori,
630 1783 789 1842 Posidonio
821 1803 858 1840 an
889 1782 983 1854 Livio,
1016 1783 1070 1841 baa
1101 1783 1131 1840 in
1162 1802 1193 1841 re
1225 1782 1299 1840 fides
1324 1783 1367 1840 sit

293 1882 437 1941 habenda.
474 1882 551 1952 Quin
573 1881 662 1939 etiam
683 1881 768 1939 facile
790 1880 981 1955 intellegitur,
1005 1881 1029 1938 si
1051 1880 1117 1956 quis
1139 1880 1272 1938 tabulam
1295 1879 1368 1938 oho-

296 1980 501 2056 rographieam
523 1979 629 2037 harum
650 1979 805 2053 regionum
826 1978 954 2053 inspicit,
976 1978 1027 2036 illa
1043 1998 1115 2057 pars
1136 1977 1269 2037 hostium
1285 1997 1368 2053 quae

297 2078 333 2136 ab
364 2077 498 2136 orientali
519 2080 603 2152 parte
625 2076 743 2134 Italiam
764 2076 902 2134 invasura
923 2079 1010 2146 esset,
1033 2075 1057 2134 si
1079 2095 1113 2134 ea
1134 2094 1253 2152 quoque
1275 2075 1369 2134 simul

295 2196 362 2236 oum
384 2177 476 2234 altera
497 2175 697 2250 praeteriisset
719 2174 922 2233 Confluentem
944 2177 973 2233 et
992 2177 1088 2233 eastra
1106 2174 1199 2244 Marii,
1212 2176 1247 2231 ut
1258 2177 1370 2249 postea

295 2275 325 2332 in
353 2273 496 2332 Noricum
518 2276 548 2331 et
569 2273 606 2330 ad
627 2273 718 2348 Alpes
741 2272 877 2332 Oamioas
899 2272 1065 2347 perveniret
1086 2272 1167 2330 nullo
1189 2271 1278 2330 modo
1301 2271 1369 2330 fieri

294 2372 437 2448 potuisse,
459 2371 516 2429 nisi
537 2374 630 2441 antea,
653 2390 688 2429 eo
709 2389 827 2429 reversa
847 2369 925 2428 unde
946 2370 1076 2444 veniret·
1090 2383 1194 2428 rursus
1214 2369 1250 2427 ab
1270 2369 1369 2428 altera

295 2473 379 2545 parte
410 2487 545 2544 pergens
580 2468 782 2527 Confluentem
810 2468 918 2526 iterum
940 2467 1123 2543 praeteriret,
1145 2467 1226 2542 quod
1247 2467 1367 2526 fautum

295 2587 354 2626 non
385 2570 430 2625 est
451 2587 546 2642 neque
567 2566 630 2624 fieri
650 2567 758 2641 potuit.
801 2566 906 2641 Itaque
928 2565 958 2622 iu
979 2583 1108 2624 errorem
1130 2584 1198 2624 sane
1220 2565 1367 2639 gravissi·

297 2685 378 2722 mum
409 2665 466 2723 hoo
496 2665 561 2722 looo
593 2664 696 2722 inuidit
726 2663 838 2735 Livius,
868 2683 935 2722 oum
964 2663 1136 2722 divisionem
1159 2664 1269 2737 factam
1297 2682 1365 2722 esse

298 2762 407 2820 diceret
428 2767 497 2836 post
518 2761 720 2820 Confluentem
741 2760 950 2836 praeteritum;
974 2760 1009 2818 ab
1028 2779 1062 2819 eo
1075 2779 1171 2819 errore
1182 2760 1367 2820 Plutarchus

300 2894 334 2903 -
358 2864 478 2917 auctore
500 2858 580 2933 quod
602 2858 726 2916 dubium
747 2878 805 2917 non
828 2863 873 2917 est
893 2858 1053 2917 Posidonio
1077 2895 1111 2902 -
1134 2861 1213 2918 reete
1236 2859 1317 2918 cavit
1331 2859 1366 2930 2).

299 3065 501 3073 ———-—-

335 3203 352 3263 ¹)
371 3213 443 3258 Oros.
470 3213 498 3267 V,
527 3213 565 3268 16,
584 3215 597 3257 9
608 3227 614 3268 ;
634 3212 678 3257 atr.
699 3213 737 3258 14.
755 3213 810 3258 Hoc
828 3216 913 3259 tamen
931 3213 988 3260 loco
1006 3212 1109 3260 silentio
1128 3215 1215 3271 tegere
1233 3226 1284 3259 non
1303 3213 1368 3261 lioet

299 3296 493 3355 epitomatorem
520 3296 653 3342 Liuianum
682 3297 706 3342 in
731 3295 779 3342 hae
797 3311 823 3342 re
842 3310 892 3342 non
911 3311 968 3343 oum
986 3298 1076 3344 Oresio
1095 3300 1121 3343 et
1138 3298 1223 3354 Floro,
1242 3297 1288 3343 sed
1307 3311 1367 3343 oum

297 3381 433 3426 Plutarcho
461 3381 619 3437 consentire3
648 3382 674 3425 iu
701 3381 812 3440 epitome
838 3381 906 3427 Livii
934 3385 980 3429 68ιι
1005 3382 1102 3438 hostes,
1127 3382 1171 3441 qni
1188 3382 1263 3427 Marii
1281 3385 1368 3429 castra

299 3464 481 3523 aggrediuntur
498 3466 557 3510 sunt
575 3465 701 3511 Teutones
719 3468 745 3511 et
762 3466 903 3511 Ambrones
921 3466 986 3523 soli;
1004 3480 1055 3512 non
1073 3466 1192 3513 admixtis
1203 3466 1367 3513 Cimbris.—

302 3541 319 3603 ρ)
354 3550 416 3595 Vide
433 3550 626 3607 praecedentem
644 3551 847 3607 annotationam3
866 3551 941 3596 etiam
961 3550 1071 3611 epitome
1081 3551 1195 3607 Liviana,
1212 3564 1276 3610 quae
1288 3553 1365 3599 nobis

299 3636 424 3692 superest,
443 3634 473 3679 ab
493 3634 643 3679 hocerrore
662 3634 728 3680 eavit
738 3649 744 3691 ;
763 3635 830 3693 apud
848 3648 906 3680 eum
924 3649 1025 3694 quoque
1044 3635 1139 3681 Cimbri
1157 3649 1207 3681 non
1226 3636 1366 3683 suntiuter

299 3719 387 3764 hostes
412 3717 456 3776 qui
484 3720 567 3763 eastra
590 3718 664 3763 Marii
690 3719 888 3778 aggrediuntnr3
908 3720 995 3779 itaqua
1013 3721 1080 3779 apud
1098 3733 1156 3766 aum
1175 3720 1268 3767 divisio
1287 3721 1366 3767 etiam

299 3803 349 3848 iam
376 3803 443 3848 tuoto
468 3816 525 3848 esse
551 3803 652 3848 videtur
671 3806 804 3862 antequam
823 3805 1048 3851 adOonfluentem
1066 3808 1238 3863 pervenerunt
1254 3805 1366 3852 barbari.

300 3888 393 3932 Tamen
420 3887 590 3932 nooossarium
617 3887 680 3932 mibi
698 3901 747 3933 non
765 3887 867 3934 vidotur
884 3889 950 3935 hano
967 3889 1121 3935 sententiam
1138 3903 1224 3935 veram
1242 3890 1367 3948 epitoma-

300 3971 364 4017 toris
392 3972 423 4016 ad
449 3971 532 4030 ipsum
560 3971 661 4017 Livium
688 3973 797 4030 rolorro;
825 3974 851 4019 id
878 3974 900 4019 si
926 3975 1067 4020 faceramus
1083 3975 1196 4021 statuere
1214 3975 1366 4022 deberemus

300 4057 418 4103 Orosium
445 4059 470 4102 ot
496 4056 599 4102 Florum
627 4057 732 4103 aLivio
751 4057 799 4104 hoo
818 4059 873 4104 loco
892 4073 941 4104 non
959 4060 1077 4118 pendere,
1095 4059 1257 4118 quodquam
1275 4073 1365 4119 pamm

299 4139 431 4201 probabile
459 4143 484 4186 et
510 4155 633 4188 novarum
660 4142 839 4188 difficultatum
865 4143 969 4202 plenum
987 4144 1030 4198 sit,
1047 4144 1174 4190 neminem
1191 4144 1262 4191 latet.
1297 4145 1366 4190 Fieri

301 4240 360 4272 sano
386 4228 472 4285 potest
499 4229 526 4272 ut
552 4239 630 4282 error,
659 4227 690 4273 ab
716 4227 772 4286 ipso
800 4227 873 4273 Livio
902 4229 1007 4286 alienus,
1025 4227 1189 4288 epitomatori
1207 4227 1245 4274 illi
1263 4228 1314 4274 soli
1331 4228 1366 4275 sit

300 4311 458 4370 tribuoudua,
476 4311 519 4383 qui
537 4311 612 4358 uobis
629 4325 680 4357 non
698 4314 822 4372 superest,
841 4326 890 4382 quo
909 4327 970 4361 vero
980 4314 1020 4360 usi
1030 4315 1090 4372 snut
1106 4313 1212 4368 Orosius
1222 4315 1249 4361 et
1257 4313 1348 4365 Florus
1358 4327 1365 4370 3
