2916 5062
233 637 313 698 Plut.
337 639 368 697 O.
390 636 441 697 16.

235 738 316 808 Quae
348 737 383 794 ab
416 736 500 795 initio
532 737 620 795 huius
653 737 757 813 capitis
788 757 883 813 usque
916 737 1059 796 adfinem
1083 731 1287 796 narrationis

195 837 232 908 (o.
264 835 328 910 280)
362 835 441 910 apud
472 835 666 893 Plutarchum
699 835 858 894 traduntur
879 856 937 894 non
959 835 1095 910 amplius,
1117 838 1153 893 ut
1174 855 1264 911 supe·

194 934 280 1004 riora,
303 954 320 990 a
340 932 498 991 traditione
521 933 669 991 communi
692 937 847 992 auctorum
870 934 1044 993 Latinorum
1055 933 1141 991 valde
1153 933 1263 991 discre-

193 1034 274 1106 pant.
317 1029 418 1088 Unum
450 1030 613 1089 alterumve
634 1033 752 1088 tantum
773 1032 873 1090 locum
893 1031 1106 1090 Plutarcheum
1127 1049 1198 1088 mox
1221 1030 1263 1087 in·

194 1128 358 1187 dicabimus
380 1128 413 1203 1),
444 1127 497 1185 ubi
520 1128 715 1199 Plutarchus,
748 1129 786 1186 ad
813 1128 1006 1188 Posidonium
1035 1129 1125 1186 semel
1146 1128 1194 1186 vel
1216 1127 1264 1186 bis

194 1225 283 1283 etiam
313 1244 458 1296 reversus,
481 1225 593 1300 aliquid
614 1245 649 1283 ex
670 1244 704 1284 eo
727 1225 855 1301 sumpsit
876 1246 934 1285 non
956 1225 1029 1284 adeo
1049 1229 1085 1284 ut
1105 1226 1264 1294 refutaret,

195 1323 247 1381 sed
273 1323 367 1398 magis
395 1325 430 1380 ut
452 1323 582 1398 expleret
603 1322 793 1382 traditionem
814 1323 960 1382 Latinam.
1002 1324 1166 1381 Praeterea
1182 1341 1264 1398 quae

194 1441 211 1478 a
233 1439 295 1495 cap.
320 1419 370 1478 160
391 1419 510 1478 ineunte
533 1419 569 1477 ad
590 1420 678 1477 finem
701 1421 805 1497 capitis
827 1422 874 1478 28i
897 1420 1086 1479 aPlutaroho
1102 1422 1265 1478 narrantur

193 1518 254 1576 sere
285 1518 384 1576 omnia
412 1517 591 1576 conveniunt
612 1517 700 1576 rebus
722 1517 758 1576 ab
781 1517 952 1577 auctoribus
974 1517 1104 1577 Livianis
1125 1516 1264 1588 traditis3

193 1616 338 1692 imprimis
361 1635 429 1674 oum
450 1615 538 1674 Floro
560 1634 646 1691 saepe
668 1615 764 1691 plane,
787 1616 876 1675 etiam
898 1615 1004 1686 verbis,
1028 1615 1171 1685 concinit3
1195 1615 1264 1674 reli·

194 1714 260 1789 quis
281 1734 351 1773 vero
373 1717 535 1789 repugnat;
567 1714 742 1789 plerumque
764 1714 961 1772 narrationem
983 1713 1105 1773 eandem
1127 1713 1179 1772 sed
1201 1713 1264 1788 ple-

193 1812 305 1870 niorem
337 1810 554 1880 tantummodo,
586 1810 717 1886 praebet.
759 1811 840 1870 Haeo
865 1811 985 1871 traditio
1007 1815 1107 1870 autem
1128 1811 1264 1886 primum

194 1909 273 1985 apud
304 1909 456 1966 Valerium
487 1908 648 1979 Antiatem,
682 1908 785 1967 deinde
817 1909 932 1985 plenior
952 1913 982 1968 et
1003 1909 1107 1968 melior
1128 1909 1262 1984 quidem,

194 2007 245 2065 sed
273 2007 375 2064 eadem
396 2010 504 2077 tamen,
527 2006 606 2081 apud
628 2006 746 2065 Livium
768 2006 838 2066 olim
860 2006 1007 2066 exstitisse
1029 2006 1155 2065 videtur.
1199 2006 1263 2065 Nu-

193 2124 290 2163 meros
323 2123 474 2163 caesorum
507 2107 537 2162 et
569 2103 763 2178 captivorum,
798 2121 872 2179 quos
904 2104 1006 2163 Livius
1037 2104 1066 2162 in
1098 2104 1154 2162 hac
1174 2108 1263 2180 parte

193 2203 336 2261 librorum
368 2221 491 2261 suorum
521 2201 693 2271 tradiderat,
721 2201 833 2260 Valerii
853 2202 983 2260 Antiatis
1005 2221 1068 2260 esse
1089 2201 1187 2277 primo
1210 2201 1261 2260 ob·

193 2304 263 2359 tutu
284 2303 422 2375 apparet3
451 2299 487 2357 de
508 2298 553 2357 his
575 2299 705 2357 numeris
727 2301 832 2358 saltem
854 2299 972 2358 Livium
993 2299 1083 2358 alium
1105 2303 1263 2359 auctorem

194 2415 282 2472 quam
314 2398 466 2455 Valerium
488 2397 640 2455 Antiatem
662 2416 720 2456 non
741 2397 880 2456 habuisse
902 2398 948 2456 vel
970 2401 1048 2456 certe
1070 2415 1129 2456 non
1151 2415 1262 2456 oonsu-

192 2496 282 2554 luisse
314 2496 385 2554 satis
418 2497 543 2554 constat.
584 2494 658 2552 Eam
690 2495 879 2554 traditionem
908 2495 1031 2554 eandem
1058 2495 1262 2554 aPlutarcho

193 2597 281 2652 etiam
303 2593 449 2652 redditam
471 2611 534 2650 esse
557 2611 623 2650 oum
645 2593 777 2663 dixerim,
799 2593 922 2651 minime>
931 2596 1029 2651 tamen
1040 2611 1148 2668 negare
1160 2592 1263 2662 velim,

192 2690 386 2749 Plutarchum
418 2689 508 2748 etiam
540 2690 654 2764 aliquot
684 2690 757 2749 locis
789 2710 853 2748 eam
879 2691 994 2749 auxisse
1016 2691 1063 2748 vel
1084 2690 1263 2749 immutasse

192 2789 239 2848 rel
260 2788 429 2846 emendasse
451 2808 486 2846 ex
508 2787 571 2845 aliis
594 2787 774 2858 auctoribus
796 2791 832 2846 ut
853 2787 914 2846 suis
935 2788 1008 2847 locis
1030 2787 1184 2858 indicabo;
1202 2807 1263 2846 non

193 2887 289 2944 solum
320 2886 376 2944 hoc
407 2885 496 2944 modo
528 2885 664 2943 adhibuit
696 2884 847 2944 Posidonii
878 2885 1041 2957 historiam,
1074 2885 1126 2944 sed
1158 2885 1260 2956 etiam,

193 2984 306 3059 opinor,
338 2987 383 3042 est
403 2982 456 3041 ubi
477 2983 555 3041 huno
576 3002 665 3041 usum
688 2983 714 3041 ei
734 2983 905 3059 praebuerit
925 2983 992 3043 sons
1015 2983 1185 3060 primarius,
1209 2983 1262 3057 qui

192 3085 309 3157 praeter
329 3081 447 3140 Livium
469 3082 495 3139 ei
516 3081 545 3139 in
567 3081 703 3140 manibus
725 3085 796 3152 erat,
819 3082 872 3157 qui
893 3082 1049 3156 aliquoties
1071 3081 1107 3139 ab
1129 3100 1164 3140 eo
1188 3082 1259 3140 cita-

192 3184 250 3250 tur,
280 3178 512 3237 Commentarios
541 3179 639 3237 Sullae
661 3178 736 3238 dieo.
778 3179 822 3238 De
843 3179 889 3238 his
911 3178 1136 3238 Commentariis
1158 3182 1260 3238 autem

193 3278 251 3335 iam
277 3278 419 3336 hocloco
442 3276 734 3335 animadvertendum
756 3276 883 3348 videtur,
906 3297 956 3337 eos
978 3278 1067 3349 etiarn
1089 3278 1126 3337 ad
1147 3297 1259 3336 memo·

192 3377 265 3433 riam
293 3376 386 3451 partis
411 3379 528 3433 tantum
549 3394 649 3433 rerum
669 3375 715 3433 his
737 3374 819 3433 annis
841 3375 927 3450 (102⁰
948 3379 978 3434 et
1002 3375 1083 3450 1010)
1104 3379 1258 3451 gestarum

192 3473 368 3533 servandum
390 3472 502 3548 aliquid
522 3474 619 3532 valere
640 3473 783 3549 potuisse,
804 3492 909 3548 nempe
927 3493 1028 3531 earnm
1046 3493 1147 3532 rerum
1161 3473 1259 3532 solum

192 3591 267 3647 quae
299 3572 329 3629 in
360 3570 494 3629 orientali
525 3575 609 3646 parte
637 3571 740 3634 ltaliae
762 3570 799 3628 ad
820 3570 923 3629 Atesin
945 3571 975 3628 in
996 3571 1127 3630 exercitu
1149 3570 1257 3642 Catuli,

192 3670 296 3728 deinde
317 3689 392 3727 anno
417 3669 487 3727 101⁰
508 3670 545 3726 ad
565 3669 689 3740 Padum,
706 3673 807 3743 gestae
819 3671 905 3740 sunt;
928 3689 963 3727 ex
978 3669 1019 3727 eis
1032 3669 1104 3727 nihil
1118 3669 1258 3745 cognosci

192 3769 292 3844 potuit
323 3769 358 3827 de
386 3768 484 3840 rebus,
507 3788 582 3842 quae
603 3787 681 3826 nune
702 3767 832 3843 primum
854 3787 870 3825 a
891 3767 976 3827 nobis
997 3767 1117 3827 tractari
1139 3767 1257 3838 debent,

195 3993 396 4002 ——-——

192 4160 311 4208 Noricum
337 4159 464 4217 proficisci
489 4159 625 4216 debebant)
648 4162 731 4208 minus
750 4164 866 4208 accurate
885 4175 941 4208 cnm
960 4161 1000 4207 his
1018 4174 1068 4207 una
1086 4161 1255 4208 nominaverit

192 4247 297 4293 Orosius
322 4248 348 4293 et
365 4245 505 4303 neglexerit
522 4261 550 4292 se
568 4248 604 4293 ita
621 4248 652 4293 de
670 4248 711 4293 his
729 4249 825 4308 aliquid
843 4248 966 4293 affirmare
983 4246 1064 4294 videri
1083 4247 1152 4306 qnod
1167 4260 1255 4294 revera

191 4345 241 4379 non
260 4333 353 4378 factum
372 4334 450 4388 esset,
468 4345 512 4377 eos
529 4345 630 4391 quoque
648 4333 674 4378 in
692 4333 791 4379 Italiam
809 4333 964 4393 pervenisse.
984 4356 1014 4365 -
1032 4323 1049 4384 ¹)
1069 4344 1089 4378 c.
1109 4333 1139 4377 21
1157 4332 1200 4378 fin.
