2916 5062
705 1604 731 1674 I.

233 1767 327 1833 Hom.
352 1767 390 1834 Il.
414 1766 502 1846 VIII,
527 1769 603 1833 361.

192 1872 343 1957 σχέτλιος,
369 1876 438 1937 αι’έν
461 1870 603 1955 ἀλιτρός,
629 1872 710 1945 ε’μῶν
740 1868 891 1951 μενέων
921 1870 1089 1952 ιίπερωειίς.

233 1981 295 2045 Pro
319 1977 439 2060 μενέων
461 1979 532 2066 lege
563 1974 733 2059 μηδέων.

698 2222 739 2290 Π.

234 2384 331 2469 Soph.
355 2384 493 2449 Philoct.
517 2385 591 2449 351.
649 2404 653 2409 ·

192 2491 274 2561 ὅπως
297 2486 392 2564 ἴδοιμ’
416 2495 580 2566 ἄθαπτον,
606 2488 641 2550 ου
665 2489 724 2570 γὰρ
749 2485 887 2568 είδόμην·

234 2598 337 2683 Lege:
385 2597 426 2666 ὡς
450 2597 509 2677 γὰρ
533 2596 613 2666 είκός
636 2601 686 2672 ην.

691 2838 749 2906 ΙΠ.

235 3003 381 3087 Xenoph.
404 3000 509 3068 Anab.
533 3001 573 3081 V,
598 3002 628 3082 4,
654 3003 683 3068 9.

235 3110 311 3189 πρὸς
342 3125 441 3168 ταῦτα
471 3106 664 3189 ἀπεκρίνατο
696 3109 837 3190 όδρχων
865 3110 925 3169 τών
950 3103 1181 3169 Μοσσυνοίκων
1204 3106 1252 3170 ὅτι

192 3215 245 3274 καὶ
269 3210 437 3295 βούλοιντο
462 3213 633 3275 ταῦτακαὶ
656 3209 800 3297 δέχοιντο
819 3214 876 3292 τὴν
889 3210 1080 3296 συμμαχίαν.
1107 3207 1157 3272 ’Ἀ
1167 3235 1254 3288 μετε

193 3317 243 3400 δὴ,
280 3319 339 3400 ἔφη
373 3322 391 3381 0'
423 3317 589 3400 Ξενοφῶν,
626 3317 657 3380 τί
691 3319 778 3399 ήμῶν
814 3315 958 3397 δεήσεσθε
995 3323 1184 3402 χρήσασθαι,
1213 3320 1255 3382 διν

193 3435 345 3510 σύμμαχοι
368 3427 455 3504 ὑμῶν
479 3428 647 3502 γενώμεθα
655 3448 666 3501 ,·

236 3534 298 3597 Pro
324 3530 447 3609 ’Ἅφετε
469 3532 640 3618 legendum
664 3554 733 3596 esse
757 3553 870 3596 censeo
900 3527 1060 3608 Λέγετε.

696 3773 751 3842 IV.

238 3937 324 4005 Plut.
349 3937 439 4003 Sulla
465 3939 516 4004 17.

239 4042 434 4127 Ἀμφότεροι
466 4041 499 4106 δέ
531 4042 632 4106 ταύτὰ
662 4044 730 4126 περὶ
760 4049 813 4123 τῆς
836 4041 934 4124 ὀμφῆς
958 4041 1103 4124 ἔφραζον·
1132 4048 1175 4127 τῷ
1198 4045 1257 4125 γὰρ

196 4147 361 4232 Ὀλυμπίῳ
390 4154 449 4212 Διί·
471 4151 522 4213 καί
548 4150 582 4213 τὸ
607 4146 721 4222 κάλλος
745 4151 798 4212 καί
823 4150 857 4211 τὸ
879 4148 1013 4230 μέγεθος
1036 4146 1257 4234 παραπλήσιον

198 4253 276 4318 ι’δεῖν
302 4255 436 4336 έφασαν.

238 4364 341 4450 Lege:
367 4359 591 4446 παραπλήσιον
615 4362 784 4442 <αῖντόν>
810 4359 889 4425 ἰδεῖν
913 4361 1046 4445 έφασαν.
