2916 5062
711 479 751 538 77

206 657 326 713 quarum
358 638 399 695 dii
429 638 500 696 boni
537 638 647 696 bonurn
680 638 792 696 exitum
820 638 970 708 Romanis,
994 658 1024 696 se
1050 639 1148 709 ,Sulla
1170 640 1269 713 sellan

204 754 256 793 una
276 736 448 810 proeliante,
471 739 708 803 concesserunt''‚
730 736 902 794 memoriam
925 741 1080 796 servasse?

239 833 350 890 Deinde
383 833 505 892 Orosius
538 833 664 891 Marium
700 833 840 891 statuisse
872 837 981 903 narrat,
1004 834 1093 893 tertio
1115 834 1161 892 dic
1183 834 1271 892 rebus

204 929 361 1005 desperatis
394 951 584 1006 quocumque
606 931 694 990 modo
716 950 769 1005 per
789 931 916 989 mediam
937 931 1069 989 hostiurn
1093 933 1185 990 aciem
1207 951 1270 1006 per-

203 1046 355 1104 rumpere:
391 1029 574 1104 ,prorupit”,
599 1030 648 1098 ait,
686 1035 732 1099 ,et
753 1029 830 1087 vallo
853 1033 883 1087 et
903 1048 1004 1103 cnrnpc
1025 1049 1055 1087 se
1078 1029 1160 1087 dedit
1182 1029 1270 1087 simul

207 1130 250 1195 ,et
280 1127 424 1200 proelio'’,
453 1127 531 1184 unde
553 1127 744 1203 perspicuum
766 1130 812 1184 est
833 1146 900 1184 eum
923 1126 958 1184 de
981 1128 1054 1185 colle
1077 1127 1270 1186 descendisse.

201 1221 277 1282 Fieri
298 1227 399 1300 potest
420 1227 454 1282 ut
475 1225 613 1295 narratio,
637 1244 725 1299 quem
749 1224 831 1282 Sulla
853 1224 887 1282 de
910 1224 1009 1282 subita
1020 1225 1105 1282 Marii
1116 1225 1270 1300 eruptione

200 1322 334 1392 confecit,
366 1321 517 1380 referenda
551 1323 588 1380 sit
620 1341 678 1379 non
712 1322 748 1379 ad
777 1323 912 1397 alterum,
935 1323 986 1380 sed
1007 1322 1066 1380 huc
1088 1322 1126 1379 ad
1148 1323 1270 1380 tertium

198 1418 285 1478 diem.
330 1419 433 1495 Neque
465 1423 536 1478 tnnc
558 1439 604 1478 res
625 1420 719 1478 Mario
740 1439 881 1495 prospere
904 1421 1049 1490 cessisset,
1073 1420 1124 1478 sed
1145 1420 1273 1479 Romani

195 1516 235 1574 ad
263 1517 493 1576 internecionem
515 1517 604 1576 deleti
625 1521 732 1587 essent,
755 1518 812 1575 nisi
833 1517 953 1574 maximi
975 1518 1092 1588 imbres,
1116 1518 1219 1594 quales
1240 1519 1270 1574 in

194 1615 285 1673 terris
308 1615 362 1673 sub
385 1615 531 1673 caloribus
553 1615 718 1673 iacentibus
741 1635 756 1673 e
778 1615 907 1674 nubibus
930 1616 1130 1686 effunduntur,
1149 1620 1270 1691 repente

192 1730 297 1771 reruni
320 1716 432 1771 statum
453 1715 628 1771 mutassent.
650 1712 764 1771 Imbres
783 1716 947 1771 recreantes
966 1713 1115 1771 Romanos
1133 1714 1269 1772 hostibus

193 1813 388 1881 nocuerunt,
407 1810 486 1885 quod
518 1830 595 1886 aqua
622 1811 740 1869 hastilia
769 1811 906 1882 telorum,
941 1831 1016 1886 quae
1049 1812 1110 1870 sine
1143 1813 1267 1870 amentis

195 1927 290 1966 manu
312 1908 573 1983 extorquebantur,
596 1908 709 1966 lubrica
729 1912 758 1966 et
776 1909 893 1967 inutilia
913 1909 1041 1968 reddidit
1052 1913 1082 1968 et
1094 1910 1173 1985 quod
1185 1914 1270 1968 scuta

197 2025 234 2063 ex
266 2006 416 2082 elephanti
447 2006 526 2065 corio
559 2006 638 2064 facta
670 2025 778 2081 aquam
809 2006 940 2064 bibentia
965 2008 1119 2083 repentino
1140 2008 1269 2083 pondere

195 2103 397 2162 intractabilia
419 2104 497 2162 sacta
519 2106 597 2162 sunt.
626 2103 685 2161 Res
707 2104 801 2162 Mario
819 2104 892 2162 bene
905 2105 1002 2172 cessit,
1018 2090 1269 2164 Romanihostern

198 2205 424 2276 superaverunt,
458 2202 545 2276 pauci
573 2202 724 2276 sugerunt,
747 2202 877 2276 plurimi,
899 2203 999 2277 plures
1021 2222 1111 2278 quam
1132 2202 1268 2261 omnibus

200 2299 403 2375 superioribus
429 2300 558 2374 proeliis,
581 2300 758 2358 ceciderunt.
801 2299 891 2358 Plura
913 2300 1035 2359 Orosius
1057 2320 1114 2359 non
1136 2300 1267 2369 tradidit,

197 2395 233 2454 de
266 2397 358 2455 altero
389 2398 501 2472 proelio
524 2400 639 2456 tantum
662 2400 771 2468 narrat,
793 2379 954 2472 nonaginta
974 2398 1066 2456 millia
1086 2399 1218 2457 bostium
1239 2399 1268 2454 in

201 2494 350 2553 Romanos
373 2513 453 2552 arma
474 2495 587 2553 tulisse.
626 2496 629 2502 ’

241 2592 397 2662 Quomodo
429 2593 542 2651 factum
574 2593 622 2663 sit,
643 2596 679 2650 ut
700 2612 840 2652 numerus
863 2596 1046 2652 armatorum
1068 2594 1140 2652 adeo
1162 2596 1267 2652 auctus

203 2689 248 2761 sit,
281 2690 440 2748 Sallustius
472 2690 618 2764 explicat,
640 2690 776 2748 hostibus
808 2691 885 2748 enirn
907 2690 1014 2766 quibus
1036 2691 1131 2766 primo
1154 2692 1268 2766 equites

204 2787 290 2846 inodo
322 2789 448 2858 fuerant,
480 2787 588 2858 Volux,
616 2787 728 2846 Bocchi
748 2788 835 2859 filins,
858 2788 1009 2863 pedestres
1032 2789 1130 2864 copias
1153 2790 1268 2858 adiecit,

204 2886 283 2960 quod
313 2886 413 2962 ipsum
443 2886 540 2944 virum
573 2886 769 2944 clarissimum
801 2885 921 2943 lhnium
952 2887 1057 2945 fefellit
1080 2887 1111 2958 1).
1154 2887 1268 2958 Hostis,

203 2984 294 3058 copiis
316 3003 350 3042 eo
372 2984 461 3042 modo
483 2984 577 3041 auctis
599 2984 695 3058 primo
717 3003 770 3059 per
791 2987 920 3060 quatuor
942 2984 1002 3042 dies
1021 2984 1171 3043 Romanos
1188 3005 1268 3043 secu-

203 3086 252 3142 tus
284 3083 381 3142 denuo
413 3083 538 3158 gradum
572 3083 602 3140 in
633 3103 701 3141 eum
733 3084 830 3141 infert.
872 3083 907 3141 In
930 3083 1125 3158 descriptione
1148 3085 1268 3142 alterius

204 3181 316 3256 proelii,
340 3200 430 3257 quam
452 3180 610 3239 Sallustius
631 3181 711 3251 fecit,
734 3181 816 3239 Sulla
833 3181 896 3255 ipse
912 3181 942 3238 in
954 3185 1037 3239 tanta
1048 3183 1112 3240 luce
1124 3186 1268 3253 versatur,

203 3283 237 3338 ut
258 3279 317 3336 iam
338 3279 404 3337 inde
426 3279 617 3354 perspicuum
639 3278 678 3337 sit
699 3279 783 3336 illurn
805 3299 839 3336 ex
860 3279 948 3338 huius
973 3279 1197 3339 Commentariis
1216 3301 1269 3339 sua

203 3377 355 3436 hausisse:
379 3397 469 3453 supra
490 3377 593 3436 eodem
615 3380 791 3451 argumento
813 3376 843 3434 in
864 3377 1011 3435 Rutilium
1033 3379 1079 3436 usi
1101 3398 1212 3436 sumus

244 3475 273 3534 O.
297 3473 373 3546 100,
396 3473 426 3533 2.
470 3475 580 3532 Marius
602 3475 683 3532 nullo
706 3474 805 3532 studio
824 3477 853 3532 et
871 3475 1015 3533 industria
1027 3476 1201 3534 intermissis
1213 3476 1269 3534 iter

205 3573 369 3643 continuat,
403 3571 506 3631 dextro
538 3571 624 3630 lateri
645 3571 728 3629 Sulla
749 3572 905 3646 equitatui,
929 3573 1046 3631 sinistro
1068 3572 1268 3632 funditoribus

205 3674 234 3728 et
262 3669 423 3745 sagittariis
446 3670 572 3727 Manlius
594 3671 719 3744 praeest,
741 3669 853 3727 tribuni
871 3670 1000 3728 militum
1017 3670 1113 3745 primo
1129 3674 1159 3729 et
1173 3671 1268 3730 novis·

203 3768 277 3826 simo
309 3767 477 3842 agminibus
509 3767 650 3841 praefecti
672 3770 749 3824 sunt.
800 3767 971 3840 (Sallustius
992 3769 1049 3826 hac
1071 3769 1223 3828 occasione
1245 3770 1268 3842 ²)

204 3867 301 3926 utitur
332 3865 477 3924 inserendi
509 3866 654 3941 quaedam
676 3865 710 3923 de
732 3865 816 3923 Marii
838 3884 928 3937 more,
951 3867 1002 3942 qui
1023 3867 1085 3942 ipse
1107 3886 1173 3926 cum
1195 3868 1269 3925 mili·

204 3965 285 4023 tibus
306 3964 422 4023 labores
444 3963 644 4038 suscipiebat).

205 4169 408 4179 ψ

241 4327 258 4391 ¹)
277 4336 340 4382 Ihne
358 4336 431 4382 Rbm.
451 4335 542 4382 Gesch.
561 4334 589 4392 V,
606 4345 630 4394 p.
651 4336 698 4382 lcc
717 4339 801 4383 arinot.
822 4336 843 4383 1.
863 4361 891 4371 -
914 4328 931 4392 ⁹)
950 4336 1010 4384 Sall.
1030 4337 1085 4394 100,
1104 4337 1126 4384 5.
