2916 5062
675 465 712 524 55

153 623 264 683 milites
285 625 395 700 praeda
415 624 590 700 potiuntur:
613 625 669 685 hoc
691 625 815 684 scelesto
833 624 965 699 praemio
982 625 1093 684 Marius
1105 623 1221 684 infimos

154 722 298 793 homines,
331 722 382 797 qui
413 722 507 797 ipsius
539 722 666 781 invitatu
695 726 725 781 et
753 742 805 798 spe
826 722 951 798 praedae
973 722 1094 782 adducti
1115 741 1221 782 nomen

154 819 306 890 dederant,
328 819 528 878 remuneravit
561 820 581 893 ).

154 914 188 975 3.
231 916 261 975 Ο.
284 918 332 987 92,
356 918 442 974 1-5.

196 1016 302 1074 Denuo
323 1015 409 1073 Marii
430 1014 513 1074 ducis
535 1015 637 1075 laudes
659 1016 875 1091 praedicantur.
903 1017 934 1074 Is
959 1017 1013 1087 „ad
1035 1016 1091 1074 alia
1112 1016 1221 1092 oppida

159 1112 283 1188 „pergit
315 1132 429 1188 pauca.
443 1157 448 1170 .
463 1158 488 1171 ..
523 1113 610 1188 capit,
636 1114 722 1188 plura
742 1113 805 1188 igni
826 1114 1004 1189 corrumpit:
1026 1114 1111 1172 luctu
1132 1117 1220 1189 etque

158 1211 265 1281 „caede
287 1210 385 1269 omnia
407 1211 622 1286 complentur.'’
664 1211 708 1269 De
731 1230 806 1270 anno
829 1230 888 1287 quo
910 1212 982 1269 haec
1003 1212 1082 1270 facta
1103 1210 1162 1269 sint
1179 1211 1218 1268 in·

154 1309 201 1366 fra
222 1308 454 1383 disputabimus;
476 1308 532 1367 hoe
553 1309 618 1367 loco
640 1308 836 1383 investigetur
857 1309 909 1384 qui
930 1309 989 1367 sint
1009 1309 1081 1367 fines
1101 1309 1136 1366 de
1148 1328 1219 1384 quo·

153 1426 222 1464 rum
243 1407 409 1465 vastatione
431 1426 526 1466 sermo
547 1407 608 1477 fiat,
631 1427 697 1463 nam
721 1406 879 1466 Sallustius
902 1426 951 1466 eos
973 1426 1031 1465 non
1047 1406 1219 1466 nominavit.

154 1505 230 1564 Cum
251 1505 323 1563 haec
344 1523 390 1564 res
412 1503 491 1579 apud
513 1524 581 1563 eum
602 1505 850 1580 expugnationem
873 1504 984 1580 (lapsae
1000 1504 1219 1564 continuosub-

154 1606 306 1678 sequatur,
339 1602 363 1660 is
395 1602 447 1677 qui
478 1622 546 1661 eum
572 1603 645 1677 legit
665 1603 764 1662 nescio
786 1622 845 1678 quo
866 1605 954 1678 pacto
975 1603 1135 1678 putaverit,
1157 1623 1219 1662 rem

153 1699 186 1758 in
206 1700 347 1758 Numidia
368 1700 558 1771 Occidentali,
581 1701 661 1776 quod
682 1700 753 1759 olim
774 1719 900 1776 regnum
920 1700 1097 1759 Adherbalis
1108 1702 1175 1773 suit,
1189 1705 1219 1760 et

154 1799 186 1855 in
207 1818 241 1857 ea
261 1801 354 1873 parte,
377 1817 452 1874 quae
475 1797 511 1855 ad
533 1798 685 1856 meridiem
706 1799 753 1857 vel
774 1799 852 1857 inter
872 1798 1025 1857 meridiem
1046 1802 1076 1857 et
1087 1798 1219 1858 occiden-

154 1899 216 1955 tem
247 1896 353 1971 vergit,
385 1899 500 1970 gestam
533 1915 605 1954 esse.
647 1896 723 1955 Dein
748 1897 898 1972 rogaverit
919 1897 971 1972 qui
991 1897 1104 1955 factum
1125 1897 1164 1956 sit
1184 1899 1219 1956 ut

153 1995 226 2053 haec
247 1994 339 2069 regio,
361 2013 415 2068 pro
437 1993 564 2051 maxima
584 1997 668 2069 parte
689 1993 747 2052 iam
770 2014 786 2051 a
807 1994 926 2054 Metello
947 1995 976 2052 in
998 1994 1110 2053 Romae
1121 1997 1218 2070 potes·

154 2095 247 2151 tatem
279 2092 406 2161 redacta,
428 2110 515 2161 nune,
542 2091 637 2166 (lapsa
658 2092 747 2149 etiam
769 2095 946 2166 expugnata,
968 2094 1082 2150 tantam
1103 2092 1218 2168 copiam

155 2189 301 2249 eiusmodi
321 2209 418 2248 rerum
441 2189 636 2264 gerendarum
658 2190 776 2248 fuceret.
819 2189 860 2248 At
882 2194 996 2272 certum
1017 2194 1063 2249 est
1082 2190 1218 2265 regiones

154 2288 219 2346 illas
251 2289 382 2346 vastatas
415 2290 445 2345 et
466 2287 575 2363 oppida
596 2291 764 2363 expugnata
785 2307 844 2346 non
865 2288 899 2357 in,
915 2287 1056 2346 Numidia
1077 2288 1218 2347 Orientali

156 2385 207 2444 sed
237 2385 267 2443 in
299 2385 480 2444 Occidentali
511 2385 588 2444 inter
618 2386 800 2462 Ampsagam
832 2387 941 2444 flumen
972 2390 1002 2445 et
1030 2387 1217 2445 Muluccham

157 2484 214 2542 sita
234 2483 335 2553 luisse,
358 2487 393 2542 ut
414 2503 449 2541 ex
471 2503 505 2542 eo
527 2483 705 2558 intelligitur
726 2484 806 2559 quod
827 2484 954 2542 Marium
974 2484 1110 2559 deinceps
1122 2484 1221 2544 subito

159 2582 237 2657 apud
270 2581 444 2640 Sallustium
476 2580 514 2639 ad
538 2582 647 2639 flumen
679 2581 868 2640 Muluccham
900 2585 1028 2641 stantem
1048 2583 1220 2658 reperimus¹

159 2699 218 2755 qno
249 2679 322 2737 nihil
354 2680 448 2754 magis
476 2679 666 2738 manifestum
687 2680 759 2739 lacit
779 2683 962 2756 quantopere
983 2681 1071 2739 huius
1092 2680 1221 2740 narratio

157 2778 302 2854 imprimis
330 2777 361 2835 in
382 2779 436 2836 hac
457 2780 541 2852 parte
564 2777 603 2836 sit
623 2778 771 2836 lacunosa.
813 2778 876 2836 Iter
897 2799 913 2836 a
935 2778 1029 2854 Capsa
1051 2778 1087 2836 ad
1107 2778 1221 2838 Muluc-

27 2897 39 2915 =
158 2877 242 2935 cham
273 2876 401 2951 primum
435 2875 518 2934 ducit
548 2895 602 2950 per
628 2880 723 2934 totam
751 2875 922 2934 Numidiam
944 2877 1132 2955 Orientalem,
1155 2877 1221 2936 dein

156 2995 209 3050 per
230 2977 366 3034 cunctam
388 2973 559 3031 Numidiam
581 2973 808 3044 Occidentalem‚
831 2994 906 3050 quae
928 2975 992 3050 ipsa
1012 2978 1097 3050 patet
1108 2976 1136 3032 in
1148 2976 1218 3033 mai-

157 3092 237 3132 orem
259 3072 491 3147 longitudinem;
514 3072 594 3147 quod
615 3072 672 3130 iter
692 3072 877 3146 longitudine
898 3073 992 3131 totius
1014 3073 1126 3143 ltaliae,
1139 3073 1219 3148 quod

157 3174 202 3228 est
232 3170 309 3227 inter
339 3170 496 3228 Patavium
528 3177 558 3228 et
578 3169 736 3244 Rhegium,
759 3189 818 3228 non
840 3172 885 3228 est
905 3171 1001 3245 magis
1023 3171 1162 3246 exiguum
1185 3172 1217 3244 2).

155 3266 279 3326 Accedit
310 3266 391 3343 quod
421 3267 478 3325 iter
508 3287 563 3342 pro
586 3268 708 3325 dimidie
728 3271 814 3343 parte
835 3268 948 3326 factum
970 3273 1015 3327 est
1036 3289 1089 3344 per
1109 3272 1218 3327 terram

155 3366 302 3436 hostilem,
334 3385 419 3442 qnae,
442 3365 523 3441 quod
544 3366 663 3437 scimus,
685 3386 849 3442 numquam
871 3387 887 3424 a
908 3367 1027 3426 Metello
1048 3367 1142 3442 petita
1163 3372 1217 3426 est.

194 3464 239 3523 Ne
260 3464 350 3523 verbo
372 3464 492 3539 quidem
513 3485 530 3522 a
551 3464 692 3522 Sallustio
714 3465 858 3523 traditum
880 3468 925 3524 est
941 3466 1025 3523 illum
1041 3468 1103 3523 tam
1113 3466 1217 3540 ingens

154 3564 285 3640 spatium
305 3563 494 3638 percurrisse.
538 3561 596 3620 Sed
617 3582 651 3620 ee
672 3563 737 3638 ipsa
758 3563 864 3621 lacuna
885 3563 1103 3638 quodammodo
1125 3565 1217 3640 reple·

154 3666 204 3721 tur
225 3663 249 3721 si
271 3660 441 3731 conicimus
463 3660 643 3719 vastationes
666 3664 696 3718 et
716 3661 948 3736 expugnationes
961 3661 1115 3737 dequibus
1128 3681 1217 3738 supra

154 3761 281 3818 diximus
302 3760 325 3834 3)
347 3760 376 3816 in
398 3763 481 3817 vasta
502 3759 552 3816 illa
573 3758 714 3816 Numidia
735 3758 916 3817 Occidentali
937 3760 1030 3818 factas
1048 3779 1120 3830 esse,
1140 3780 1215 3835 quae

153 3858 292 3916 universa
323 3857 462 3916 Romanis
494 3857 607 3914 infense
640 3860 669 3914 et
700 3856 807 3914 intesta
839 3860 910 3915 erat.
952 3856 1027 3914 Dein
1051 3858 1075 3916 si
1096 3859 1149 3916 has
1170 3879 1216 3917 res

153 3955 305 4030 abmptns
330 3973 410 4030 ,quas
443 3954 601 4013 Sallustius
627 3953 735 4013 litteris
757 3954 916 4026 mandavit,
939 3974 1040 4015 omnes
1061 3956 1215 4016 referimus

190 4230 208 4293 ¹)
236 4239 275 4294 84,
302 4239 333 4295 43
361 4240 400 4296 92,
427 4241 449 4284 2.
478 4262 509 4271 -
530 4230 547 4293 Ἴ
566 4238 616 4286 Otr.
634 4239 697 4286 Ihne
715 4240 787 4286 Rhm.
806 4239 897 4286 Geeoh.
916 4240 944 4294 V,
961 4253 985 4298 p.
1006 4241 1061 4297 158,
1079 4244 1163 4287 annot.
1184 4243 1214 4300 1;

154 4324 176 4373 is
196 4324 401 4385 octingentorum
420 4321 519 4372 milium
537 4336 658 4384 passuum
676 4323 702 4372 id
720 4325 769 4371 iter
786 4324 866 4373 fuisso
884 4323 953 4373 dicit.
974 4349 1000 4356 -
1024 4315 1043 4378 ³]
1062 4327 1102 4383 92,
1120 4327 1143 4382 3,
1162 4339 1199 4388 sq.
