2916 5062
606 1505 691 1565 OAP.
713 1505 753 1564 ΙΙ.

145 1731 218 1809 DE
246 1728 423 1809 REBUS
452 1728 623 1808 BELLO
647 1726 995 1808 IUGURTHINO
1020 1723 1210 1805 GESTIS

205 1890 351 1969 ANTE
379 1889 681 1968 ADVENTUM
709 1888 866 1966 MARII
894 1884 1156 1968 CONSULIS

170 2051 352 2155 DEQUE
380 2050 571 2131 EARUM
599 2047 868 2130 FONTIBUS
896 2044 1187 2127 PRIMARHS.

573 2333 785 2342 ,--..--.--

190 2549 265 2608 Cum
297 2548 406 2623 duplex
433 2547 588 2607 consilium
615 2546 700 2606 nobis
721 2545 910 2622 propositum
931 2543 978 2615 sit,
999 2543 1129 2619 primum
1149 2542 1214 2600 illu-

151 2650 243 2706 strare
267 2665 314 2705 res
345 2645 422 2705 bello
454 2644 634 2720 Iugurthino
666 2664 734 2703 curn
764 2640 907 2702 aceteris
928 2640 1053 2700 ducibus
1074 2640 1214 2701 Romanis

150 2748 216 2804 tum
247 2765 264 2802 c
295 2743 386 2816 Sulla,
408 2750 517 2819 gestas,
539 2742 643 2801 deinde
665 2741 700 2800 de
722 2761 824 2800 earum
844 2759 944 2798 rerum
965 2738 1096 2798 fontibus
1118 2757 1215 2814 agere,

150 2843 298 2920 optimum
329 2841 486 2901 videbatur
516 2841 591 2900 hanc
622 2840 776 2898 materiem
808 2837 938 2898 dividere
969 2837 999 2895 in
1021 2837 1094 2896 duas
1115 2839 1215 2913 partes

151 2940 269 3016 duoque
291 2939 397 3016 capita,
430 2958 558 3015 quorum
589 2939 715 2997 alterum
748 2936 879 2997 continet
899 2955 945 2994 res
967 2937 1035 2993 ante
1056 2933 1216 2994 adventurn

149 3038 236 3097 Marii
267 3037 395 3097 consulis
427 3037 457 3094 in
488 3036 590 3095 Africa
617 3039 727 3111 gestae,
749 3035 876 3094 alterum
897 3053 943 3092 res
964 3036 1063 3109 gestas
1085 3051 1102 3090 a
1123 3031 1216 3090 Mario

151 3136 271 3196 consule
302 3138 332 3194 et
363 3155 380 3193 a
411 3134 494 3193 Sulla
525 3137 690 3210 quaestore.
733 3133 768 3190 In
798 3135 927 3207 utroque
960 3130 1056 3206 capite
1086 3129 1216 3206 primum

150 3233 281 3294 dicemus
313 3233 348 3291 de
380 3231 468 3291 rebus
500 3252 517 3290 a
549 3231 743 3308 scriptoribus
776 3229 885 3290 nostris
906 3227 1034 3301 traditis,
1055 3227 1159 3286 deinde
1181 3227 1216 3286 de

152 3351 253 3392 earum
274 3350 374 3390 rerum
394 3330 527 3389 fontibus
548 3329 705 3406 primariis.

161 3509 163 3514 Ι
195 3429 278 3500 Quae
309 3428 384 3487 varii
415 3430 551 3487 auctores
578 3427 613 3486 de
639 3427 717 3486 bello
738 3425 919 3502 iugurthino
940 3423 1099 3483 memoriae
1119 3423 1216 3500 prodi-

152 3529 269 3599 derunt,
301 3547 343 3598 ea,
376 3525 490 3585 ratione
521 3524 623 3584 habita
654 3525 840 3600 singulorum
871 3524 990 3594 ducum,
1022 3541 1151 3599 quorum
1171 3541 1217 3581 res

152 3626 318 3696 narrantur,
351 3624 381 3682 in
411 3626 458 3683 tot
489 3626 589 3700 partes
621 3623 749 3682 dividere
781 3623 849 3682 licet
881 3625 956 3698 quot
976 3621 1066 3679 duces
1087 3621 1216 3679 fuerunt.

152 3725 218 3784 Hoc
238 3723 339 3783 ordine
360 3723 491 3799 primum
512 3722 620 3792 omnia,
642 3741 717 3797 quae
737 3724 803 3780 ante
821 3720 981 3780 adventum
992 3719 1077 3777 Marii
1089 3718 1217 3778 consulis

152 3823 182 3881 in
203 3821 335 3880 Africam
356 3821 435 3879 facta
456 3823 535 3891 sunt,
557 3819 613 3878 hoc
635 3820 730 3896 capite
751 3819 854 3895 paucis
876 3816 1087 3893 explicabimus
1104 3816 1217 3875 ratione

153 3919 297 3997 imprimis
326 3922 496 3994 temporum
517 3917 627 3976 habita.
669 3917 769 3976 Pauca
789 3936 858 3976 vero
881 3916 1072 3975 dolosorum
1094 3918 1123 3973 et
1144 3914 1218 3990 regi·

153 4038 244 4079 onum
266 4017 325 4077 situ
346 4016 537 4093 praemittere
558 4015 638 4075 libet.

193 4115 308 4176 Divisio
339 4116 482 4185 locorum,
515 4113 611 4190 qualis
643 4116 710 4172 ante
738 4113 849 4172 bellum
878 4113 1039 4173 conflatum
1058 4111 1125 4182 fuit,
1147 4111 1219 4170 haec

154 4217 226 4275 erat.
268 4212 424 4273 Provincia
454 4212 598 4282 Romana,
630 4230 705 4271 anno
740 4212 811 4271 146⁰
842 4211 986 4283 ordinata,
1018 4229 1076 4269 non
1097 4208 1139 4268 ita
1159 4208 1218 4268 late

153 4316 258 4398 patens
283 4312 440 4399 „pleraque
462 4330 497 4371 ex
517 4309 638 4376 Punicis
660 4310 770 4398 oppida
790 4313 820 4370 et
838 4311 910 4381 fines
922 4307 1219 4397 Carthaginiensium,
