2916 5062
633 471 669 530 15

114 651 182 691 sum
205 635 277 703 erat,
300 651 330 691 se
352 632 496 691 minorem
518 631 631 702 maiori,
659 633 847 706 quaestorem
870 630 992 701 consuli,
1015 630 1074 687 imo
1095 627 1185 705 pluri·

119 731 175 789 bus
198 730 336 805 deinceps
360 729 531 789 consulibus
552 728 641 788 rebus
663 749 680 787 a
701 747 731 787 se
753 728 845 804 gestis
866 727 1058 803 praestitisse.

159 827 309 886 Gaudium
331 848 366 886 ex
388 847 422 886 eo
445 828 532 904 cepit,
557 826 646 902 quod,
659 827 927 902 quotienscumque
939 826 1027 884 anulo
1040 825 1184 900 signabat,

118 930 264 1001 quantum
295 926 370 985 lucri
402 946 456 984 sua
498 925 623 984 felicitas
654 923 834 1000 reipublicae
866 923 1016 982 attulisset
1046 923 1186 982 mortales

117 1023 289 1095 admonuit3
322 1023 398 1095 dein,
433 1023 514 1099 quod
545 1023 751 1099 unusquisque
783 1021 867 1080 donis
899 1020 1016 1080 barbari
1047 1021 1125 1095 regis
1157 1021 1186 1077 in

118 1121 265 1199 Capitolio
288 1122 381 1181 oculis
404 1121 595 1191 collustratis,
618 1121 664 1179 sui
686 1120 830 1196 imprimis
853 1119 995 1178 meminit.
1018 1119 1099 1177 Haec
1120 1137 1186 1177 con·

117 1220 237 1279 firmant
268 1219 387 1296 quidem
421 1239 488 1278 eum
521 1220 645 1295 gloriam
668 1218 831 1289 amavisse3
854 1218 895 1276 sio
917 1217 1006 1275 etiam
1028 1215 1186 1275 Sallustius

118 1337 185 1376 eum
219 1318 380 1396 ,cupidum
412 1318 603 1393 voluptatum
635 1316 687 1376 sed
718 1317 829 1391 gloriae
861 1315 1063 1391 cupidiorem'’
1096 1313 1187 1372 fuisse

118 1416 230 1486 scribit,
263 1416 313 1474 sed
340 1416 411 1474 baec
440 1415 537 1474 omnia
558 1417 657 1473 tamen
679 1415 766 1489 longe
788 1414 896 1471 absunt
918 1412 953 1471 ab
976 1412 1026 1470 illa
1046 1411 1186 1482 vanitate,

118 1513 203 1572 cuius
226 1533 295 1571 eum
315 1514 469 1572 Drumann
490 1532 518 1572 v.
542 1513 576 1570 cl.
600 1511 744 1586 coarguit.
786 1510 921 1569 Honores
945 1509 1056 1585 copiosi
1078 1512 1186 1568 etcon·

119 1611 224 1687 spicui,
257 1612 308 1688 qui
340 1611 404 1670 aliis
436 1610 590 1687 permagni
621 1609 747 1668 faciendi
768 1627 831 1668 esse
861 1608 1046 1679 videbantur,
1069 1628 1086 1666 a
1107 1607 1189 1666 Sulla

118 1709 203 1784 parvi
230 1709 349 1781 fiebant,
380 1709 542 1785 cupiditate
563 1707 659 1766 landis
682 1710 711 1766 et
731 1708 854 1782 plausus
876 1707 1044 1783 aequalium
1066 1724 1188 1765 suorum

117 1827 281 1883 numquam
303 1826 333 1867 se
355 1808 424 1866 duci
445 1825 551 1882 passus
574 1809 628 1864 est.
650 1805 755 1881 Neque
778 1805 981 1863 delectabatur
1001 1824 1097 1881 neque
1121 1823 1186 1862 oon·

27 1960 32 1971 ,
117 1909 219 1964 tentus
251 1909 315 1964 erat
349 1905 445 1980 specie
476 1905 526 1962 illa
556 1903 667 1979 gloriae
689 1906 719 1961 at
739 1903 906 1978 potestatis,
928 1921 1003 1978 quae
1026 1901 1190 1978 comparari

118 2007 237 2079 poterat
257 2023 293 2062 ex
314 2002 538 2079 magistratibus
561 2005 590 2060 et
611 2000 773 2059 honoribus
796 2001 960 2071 ordinariis,
983 2021 1017 2059 ex
1030 2003 1155 2059 consuet
1179 2033 1187 2044 ·

119 2101 187 2160 dine
219 2104 249 2159 et
279 2101 443 2160 reverentia
474 2101 627 2158 hominum
660 2098 787 2158 divitum
819 2102 849 2158 et
880 2099 1051 2157 illustrium.
1104 2098 1187 2156 Adeo

117 2199 252 2258 homines
275 2199 490 2269 contemnebat,
512 2201 548 2257 ut
568 2201 721 2274 tamquam
743 2198 946 2257 instrumentis
969 2198 1010 2256 eis
1031 2197 1077 2255 uti
1099 2217 1188 2272 quam
1216 2232 1219 2237 ·

120 2317 224 2357 eorum
256 2297 357 2357 laudes
380 2300 518 2374 appetere
540 2296 650 2355 mallet.
692 2296 735 2354 Eo
756 2299 899 2372 tempore,
922 2315 981 2372 quo
1004 2315 1188 2355 summorum

119 2395 275 2455 hominum
303 2395 515 2454 consuetudine
536 2395 596 2452 frui
617 2394 643 2452 ei
664 2393 780 2464 licebat,
802 2394 931 2452 malebat
951 2393 1063 2453 versari
1084 2393 1114 2451 in
1135 2393 1188 2451 cir·
1210 2459 1213 2468 Ι

121 2493 195 2552 culis
227 2493 380 2553 hominum
413 2492 447 2552 de
478 2493 564 2568 plebe
597 2495 626 2551 et
654 2491 795 2550 delectari
815 2510 918 2550 eorum
939 2491 1021 2566 iocis,
1042 2510 1137 2566 neque
1158 2490 1188 2547 in

97 2590 191 2653 .arbe
226 2592 331 2662 solum,
364 2591 415 2650 sed
436 2591 526 2649 etiam
547 2592 576 2649 in
598 2592 711 2662 castris,
733 2590 826 2650 veluti
848 2589 1006 2648 Sallustius
1028 2589 1100 2647 dicit
1120 2608 1188 2647 eum

120 2692 308 2764 quaestorem
329 2689 359 2746 in
380 2688 482 2747 Africa
506 2690 587 2760 ,ioca
608 2693 698 2765 atque
720 2688 796 2747 seria
817 2707 885 2746 cum
896 2687 1070 2745 humillimis
1082 2690 1187 2762 agere'’

123 2788 244 2846 solitum
277 2806 340 2846 esse
372 2790 402 2845 et
433 2805 503 2861 erga
533 2787 612 2847 viros
634 2786 787 2862 dignitatis
809 2785 903 2860 magis
925 2785 1074 2860 speciosae
1096 2787 1137 2842 ita
1159 2802 1189 2842 se

125 2904 236 2961 gerere,
268 2888 304 2945 ut
335 2891 460 2956 caverat,
492 2905 528 2943 ne
560 2904 663 2944 eorum
694 2884 914 2944 benevolentiae
935 2883 1067 2959 indigere
1089 2882 1189 2958 eisque

40 3020 42 3024 ·
125 2984 288 3060 quidquam
309 2983 414 3043 debere
435 2983 585 3043 videretur
597 2984 629 3057 1).

165 3081 437 3157 Magniloquentiae
458 3084 488 3139 et
508 3081 648 3140 vanitatis
669 3081 784 3139 nullum
806 3080 966 3154 vestigium
988 3079 1064 3138 inest
1081 3079 1190 3137 ineius
1220 3131 1223 3134 .

92 3188 96 3195 “
128 3178 352 3238 Commentariis
375 3181 405 3237 et
426 3179 455 3236 in
476 3179 694 3238 narrationibus
716 3178 752 3237 ab
775 3179 839 3237 aliis
861 3177 1055 3253 scriptoribus
1076 3177 1189 3235 utPlu·

126 3277 229 3336 tarc'ho
261 3296 296 3336 ex
328 3277 369 3335 eis
401 3276 580 3352 desumptis;
602 3295 661 3335 non
682 3277 776 3352 magis
799 3295 887 3352 quam
910 3276 1016 3334 Caesar
1038 3273 1189 3334 commen·

125 3374 210 3432 tariis
241 3374 302 3433 suis
334 3393 406 3433 usus
436 3378 481 3432 est
510 3374 547 3432 ad
568 3373 741 3434 celebranda
763 3377 793 3432 et
814 3372 980 3432 extollenda
1001 3391 1055 3431 sua
1075 3371 1189 3431 merita.

128 3472 159 3531 si
190 3473 256 3548 quis
289 3472 401 3531 Sullam
429 3493 545 3542 ranam¹
560 3473 652 3532 fuisse
674 3472 896 3541 existimaverit,
918 3471 973 3529 hac
993 3491 1024 3528 re
1045 3470 1190 3546 imprimis

128 3570 281 3640 refellitur,
304 3570 384 3646 quod
405 3571 430 3629 is
454 3607 488 3614 -
512 3590 580 3630 cum
602 3569 726 3646 quilibet
744 3569 819 3629 alius
832 3570 891 3628 dux
903 3569 1063 3644 aegerrime
1075 3569 1190 3628 laturus

129 3673 215 3740 esset,
238 3669 263 3727 si
283 3668 416 3728 homines
438 3688 484 3728 res
506 3668 541 3727 ab
563 3669 628 3743 ipso
650 3668 722 3726 bane
744 3671 843 3742 gestas
854 3668 1005 3727 Fortunae
1016 3667 1190 3738 tribuerent,

129 3766 250 3842 (Caesar
278 3786 396 3843 quoque
421 3766 556 3826 felicitati
578 3785 648 3825 suae
671 3767 814 3825 confidere
836 3766 958 3836 solebat,
981 3765 1032 3824 sed
1052 3765 1191 3824 victorias

130 3884 198 3923 suas
229 3884 382 3941 nunquam
414 3865 439 3924 ei
470 3862 598 3936 tribuis),
633 3900 667 3907 —
701 3864 782 3941 quod
809 3864 900 3935 Sulla,
922 3864 1053 3940 inquam,
1076 3882 1192 3939 semper

129 3963 211 4039 ipsos
231 3963 325 4023 bonos
346 3982 446 4022 rerum
466 3964 618 4037 gestarum
641 3962 736 4021 exitus
757 3962 907 4021 Fortunae
928 3960 1093 4036 adscripsit,
1111 3960 1192 4036 quod

130 4068 220 4127 etiam
250 4065 281 4125 in
313 4065 537 4127 Commentariis
569 4066 659 4126 libere
682 4067 833 4127 confessus
855 4070 915 4126 est:
948 4053 1128 4139 ,erdd“3'',
1150 4066 1192 4124 ita

168 4324 186 4389 ¹]
203 4333 262 4380 Sall.
280 4331 309 4380 Β.
326 4332 381 4391 Ing.
400 4333 439 4389 96,
458 4332 481 4378 2.
