2916 5062
801 467 857 526 102

293 629 356 690 toni
387 649 440 705 per
468 629 545 688 idem
567 632 685 704 tempus
707 626 736 685 in
759 627 853 686 Gallia
875 646 905 685 se
928 626 1141 685 continuerant.
1184 625 1296 685 Marius
1319 625 1362 683 in-

293 730 390 799 terim,
413 729 448 787 ad
470 728 606 786 Rhodani
627 728 722 803 ripam
736 727 765 784 in
778 727 920 785 orientem
933 727 1116 801 spectantem
1128 725 1231 784 castris
1242 726 1362 800 positis,

294 828 402 885 milites
435 846 536 884 severa
558 826 711 900 disciplina
733 825 915 883 assuefacere
936 823 1043 899 pergit,
1066 823 1190 880 militem
1212 823 1364 899 quendam

294 925 472 1000 gregarium,
495 924 674 982 Trebonium
695 923 822 993 nomine,
845 922 896 998 qui
917 920 1071 979 tribunum
1093 920 1123 978 C.
1141 921 1285 979 Luscium
1297 922 1362 980 sive

294 1022 427 1093 Lusium,
451 1022 578 1081 consulis
600 1021 693 1096 ipsius
710 1021 920 1096 propinquum,
932 1019 1107 1095 pudicitiam
1119 1019 1174 1077 sibi
1186 1020 1363 1095 eripientem

293 1121 490 1190 interiecerat,
521 1120 653 1195 praemio
685 1119 809 1177 ornavit.
851 1118 895 1176 De
920 1118 975 1175 hac
996 1117 1060 1192 ipsa
1081 1136 1112 1174 re
1135 1116 1279 1192 quaedam
1302 1117 1363 1176 dis·

295 1219 444 1294 crepantia
462 1219 571 1276 'exstat
603 1218 679 1276 inter
710 1219 860 1286 auctores3
893 1216 1071 1274 Plutarchus
1104 1220 1134 1273 et
1164 1216 1314 1274 Asconius
1340 1217 1363 1290 1)

294 1317 418 1375 militem
450 1315 630 1373 Trebonium
662 1315 773 1384 dicunt,
796 1315 949 1373 tribunum
971 1313 1002 1372 C.
1024 1312 1175 1384 Luscium,
1199 1313 1278 1389 apud
1298 1312 1364 1372 Va·

294 1415 400 1473 lerium
431 1412 593 1471 Maximum
615 1413 638 1486 2)
671 1413 753 1471 miles
776 1412 807 1471 C.
829 1412 945 1470 Plotius
967 1414 1091 1470 vocatur
1112 1415 1143 1470 et
1164 1411 1244 1486 apud
1264 1411 1363 1470 Asco-

294 1513 375 1570 nium
402 1511 581 1583 „Trebonius
605 1511 665 1569 sive
687 1511 848 1568 Arruntius
870 1510 974 1568 miles’'
996 1508 1116 1568 tribuno
1139 1510 1199 1568 vim
1223 1511 1364 1569 attulisse

295 1609 411 1668 dicitur.

335 1708 522 1782 Quamquam
553 1706 690 1776 amicitia,
723 1726 781 1781 qua
812 1705 922 1764 Marius
955 1707 984 1763 et
1013 1704 1095 1763 Sulla
1116 1705 1187 1764 olim
1209 1706 1364 1765 coniuncti

296 1809 378 1865 erant
399 1804 424 1878 3)
445 1805 563 1862 iamiam
585 1804 810 1874 dissolvebatur,
834 1803 937 1862 consul
958 1803 1037 1860 hunc
1058 1803 1144 1861 nimis
1166 1803 1255 1862 vilem
1274 1803 1365 1863 duxit

295 1924 384 1980 quam
405 1906 440 1961 ut
459 1923 527 1961 eum
549 1903 653 1961 acerbo
675 1902 742 1960 odio
764 1905 1007 1977 persequeretur3
1029 1903 1082 1962 sed
1103 1902 1138 1961 ab
1161 1902 1253 1960 altera
1273 1905 1364 1977 parte

294 2002 381 2060 nimis
413 2020 509 2058 acrem
541 2020 630 2076 quam
661 2004 696 2058 ut
727 2000 822 2058 officia
854 2000 925 2071 eius
955 2021 1030 2077 quae
1052 2001 1152 2076 magni
1173 1999 1363 2069 aestimabat,

295 2099 472 2175 repudiaret.
515 2097 597 2156 Sulla
627 2099 718 2172 legati
749 2117 870 2156 munere
901 2099 1027 2173 iungens
1048 2099 1073 2172 4)
1096 2099 1246 2158 consulem
1268 2099 1364 2156 comi-

295 2201 376 2256 tatus
408 2198 471 2255 eius
503 2197 538 2254 de
571 2216 600 2254 se
629 2196 797 2272 opinionem
819 2196 938 2254 minime
959 2197 1120 2257 frustratus
1145 2197 1363 2268 „illustratus”‚

295 2299 331 2354 ut
362 2296 403 2353 ait
433 2294 574 2364 Velleius
601 2295 647 2366 „in
669 2293 764 2352 Gallia
784 2295 932 2369 legatione
954 2295 1008 2354 sub
1028 2295 1142 2354 Mario'’
1163 2295 1187 2369 ὃ)
1213 2295 1259 2366 „in
1279 2295 1363 2354 bello

300 2393 462 2465 „Cimbrico
485 2396 514 2451 et
535 2392 727 2463 Teutonico'’‚
749 2396 785 2450 ut
805 2392 944 2452 Aurelius
967 2393 1071 2452 Victor
1092 2393 1164 2451 dicit
1176 2393 1207 2467 6)‚
1234 2392 1364 2464 „bonam

301 2511 436 2567 „operam
468 2490 616 2549 navavit'.
657 2491 725 2565 lpse
758 2491 888 2566 singulas
920 2511 966 2549 res
999 2492 1055 2550 hoc
1086 2510 1162 2550 anno
1196 2491 1267 2549 1040
1292 2511 1311 2548 a
1334 2511 1366 2550 se

298 2593 397 2665 gestas
429 2589 458 2646 in
484 2588 708 2647 Commentariis
730 2589 792 2646 sine
814 2588 905 2648 dnbio
927 2589 1084 2664 diligenter
1104 2592 1280 2664 persecutus
1303 2594 1368 2662 est;

298 2687 349 2746 sed
381 2690 525 2757 auctores
544 2687 609 2765 ¹qui
630 2687 683 2744 hos
710 2687 941 2746 Commentarios
963 2688 1108 2762 legerunt,
1130 2706 1189 2745 non
1210 2688 1307 2745 multa
1330 2707 1366 2746 ex

299 2786 339 2844 eis
360 2788 557 2854 sumserunt3
589 2803 698 2860 paucas
723 2788 840 2842 tantum
861 2804 907 2844 res
929 2786 1100 2844 summatim
1122 2788 1259 2860 tangunt,
1281 2786 1365 2843 omni

299 2883 494 2957 descriptione
507 2884 537 2940 et
548 2882 741 2956 explicatione
754 2882 877 2953 onrissa;
900 2883 942 2942 sic
954 2903 969 2941 e
981 2883 1141 2942 Plutarcho
1154 2883 1364 2958 cognoscimus

299 2990 416 3045 tantum
428 3008 495 3046 eum
521 2978 752 3061 „npeossedorru
767 3024 774 3038 .
790 3025 797 3038 .
814 2983 972 3059 ‚pyapdra
990 2986 1197 3056 Τεκτοσάγων
1211 2977 1315 3043 ἑλεῑν”
1330 2990 1363 3062 ἵ),

299 3084 347 3154 Hi,
370 3085 406 3142 ad
427 3086 645 3160 Pyrenaeorum
666 3089 781 3159 partem
803 3089 986 3161 spectantem
1007 3087 1083 3145 inter
1104 3088 1321 3162 septentriones
1334 3091 1365 3147 et

261 3216 264 3226 ·
300 3182 442 3241 orientem
464 3185 600 3251 colenter,
622 3183 682 3240 iarn
703 3186 788 3241 antea
800 3183 823 3256 8)
846 3185 882 3241 ad
894 3183 1004 3242 bellum
1016 3204 1083 3243 cum
1095 3185 1235 3244 Romanis
1248 3205 1365 3245 surrex·

300 3284 383 3338 erant
414 3284 444 3338 et
464 3281 590 3340 sortasse
612 3300 687 3339 anno
712 3281 782 3339 1050
803 3281 907 3340 foedus
930 3302 997 3341 cnm
1020 3283 1145 3342 Cimbris
1166 3284 1306 3349 fecerant,
1329 3287 1364 3343 ut

301 3378 341 3436 eis
368 3398 403 3436 ex
423 3379 566 3454 Hispania
587 3380 747 3438 reversuris
768 3383 870 3438 tutum
891 3400 1039 3440 recessum
1060 3381 1244 3457 praeberent.
1285 3382 1364 3442 Nam

300 3476 514 3551 in„Pyrenaeis
536 3477 686 3536 montibus
708 3478 767 3536 duo
789 3481 906 3536 tantum
928 3479 1021 3538 saltus
1043 3483 1121 3550 sunt,
1144 3481 1219 3538 alter
1240 3501 1257 3538 a
1277 3485 1362 3556 parte

301 3573 469 3645 occidentis,
502 3576 576 3632 alter
608 3594 730 3649 vergens
763 3576 839 3634 inter
871 3578 1085 3652 septentriones
1117 3582 1147 3636 et
1168 3579 1312 3637 orientem
1333 3580 1362 3637 in

301 3671 372 3748 ipsis
401 3671 598 3747 Tectosagum
627 3673 744 3732 finibus
788 3674 862 3733 Cum
893 3675 1026 3734 homines
1047 3677 1138 3751 vulgo
1160 3681 1364 3753 exspectarent

299 3890 511 3897 ———

338 4036 355 4098 ¹)
381 4045 472 4092 Ancon.
498 4059 522 4104 p.
550 4047 606 4093 279.
635 4073 662 4080 —
692 4039 710 4102 2)
727 4049 780 4095 Val.
798 4049 863 4095 Max.
881 4050 923 4106 VI,
943 4051 964 4106 1,
985 4051 1023 4095 12.
1043 4071 1073 4081 -—
1094 4041 1112 4104 8)
1130 4050 1212 4110 Supra
1228 4065 1253 4110 p.
1273 4052 1312 4098 ⁷9.
1334 4077 1363 4085 —

305 4122 323 4185 ⁴)
349 4132 440 4189 Legati
466 4132 662 4178 assumebantur
687 4134 764 4192 vulgo
784 4149 798 4179 a
815 4134 923 4180 ducibus
941 4137 967 4180 et
984 4135 1182 4194 imperatoribus
1200 4137 1246 4182 sod
1264 4138 1363 4184 senatui

301 4216 482 4273 comprobandi
509 4219 594 4272 erant3
621 4217 683 4263 Vide
709 4219 849 4265 Mommsen
877 4220 982 4266 Staalsr.
999 4221 1033 4277 II,
1050 4233 1075 4278 p.
1095 4222 1150 4267 178.
1170 4245 1201 4254 -
1221 4212 1240 4275 ⁵)
1258 4221 1313 4268 Vell
1331 4223 1364 4279 11,

256 4298 259 4304 ’
304 4300 342 4357 17,
361 4302 383 4346 3.
404 4326 433 4333 -
454 4294 472 4355 ⁶)
490 4301 518 4350 A.
536 4302 563 4347 V.
582 4301 613 4350 do
632 4302 698 4351 Viris
716 4302 756 4351 Ill.
776 4305 814 4351 75.
835 4330 863 4337 -
886 4296 904 4359 Ἰ)
922 4304 989 4355 Plut.
1007 4303 1076 4355 Sulla
1094 4306 1117 4352 4.
1129 4329 1159 4338 -
1171 4296 1190 4362 8)
1201 4306 1314 4373 Suprap.
1325 4309 1364 4358 86.
