2916 5062
806 436 865 540 roo

303 641 390 699 niano
417 640 561 699 existimo.
604 640 698 698 Adest
720 640 794 699 enim
819 642 1036 716 argumentum,
1060 660 1119 716 qno
1141 641 1373 712 demonstretur,

303 757 338 796 ne
369 738 423 797 hos
455 741 590 797 auctores
622 738 741 813 quidem
773 759 789 796 a
820 739 905 798 Livio
934 738 1043 798 alienos
1076 758 1148 798 esse.
1198 739 1374 814 Vestigium

303 835 459 894 Liuianum
490 837 568 894 enim
598 837 747 895 invenitur
778 837 807 894 in
839 837 910 912 ipsis
932 836 1029 895 verbis
1051 837 1202 896 Liciniani.
1245 837 1372 912 Compa-

302 933 410 992 rendae
431 937 501 992 suut
521 934 575 991 hae
597 934 768 992 sententiae.

472 1065 535 1125 Liv.
559 1086 594 1142 ep
618 1069 664 1126 67.
987 1066 1079 1126 Licin.
1102 1069 1150 1139 33,
1173 1070 1200 1127 5.

346 1181 402 1253 „lu
435 1180 575 1240 Aurelius
598 1181 785 1240 Scaurus...
808 1202 825 1239 a
889 1183 945 1254 „lt
968 1183 1125 1240 Aurelium
1143 1182 1350 1241 Scaurum...
1366 1229 1372 1241 .

306 1279 448 1351 „Cimbris
471 1283 575 1355 captus
597 1283 642 1338 est
664 1283 693 1337 et
709 1299 776 1338 cum
791 1282 824 1337 in
848 1284 1015 1355 „ceperunt
1057 1280 1135 1338 Num
1155 1281 1180 1339 is
1202 1289 1316 1340 uocatus
1338 1283 1373 1340 in

306 1361 472 1449 „canalium
494 1379 529 1435 ab
551 1379 591 1436 eis
609 1379 763 1436 advocatus
778 1378 824 1435 de·
850 1379 1015 1449 „concilium
1037 1379 1072 1436 ab
1092 1379 1155 1436 his.
1170 1425 1176 1437 .
1189 1423 1196 1436 .
1210 1383 1236 1437 .'’

306 1479 447 1546 „terreret
468 1479 618 1535 eos....’'
678 1516 680 1518 -

342 1590 429 1660 Quod
449 1591 567 1650 Marcus
588 1590 728 1650 Aurelius
750 1591 878 1651 Scaurus
901 1592 1037 1667 captivus
1058 1592 1155 1651 lactus
1175 1591 1211 1650 ab
1231 1591 1372 1651 hostibus

303 1688 338 1746 de
359 1689 479 1748 fortuna
501 1688 570 1746 belli
591 1688 791 1763 interrogatus
814 1692 867 1761 est,
890 1689 920 1746 id
937 1693 1000 1748 tam
1015 1689 1117 1748 multis
1129 1692 1159 1748 et
1170 1689 1257 1749 variis
1271 1690 1373 1748 modis

303 1786 407 1844 Latine
439 1786 586 1845 enuntiari
606 1790 733 1862 poterat,
754 1789 790 1844 ut
810 1805 932 1862 prorsus
955 1790 1080 1858 constet,
1103 1787 1128 1846 si
1151 1787 1210 1845 duo
1232 1791 1373 1846 auctores

302 1883 332 1941 in
354 1905 388 1942 ea
409 1904 439 1943 re
460 1886 565 1944 audem
585 1885 727 1943 uocabulis
747 1888 880 1955 utantur,
902 1885 956 1943 hos
979 1888 1114 1944 auctores
1133 1885 1250 1944 interse
1263 1885 1373 1944 cohae-

302 2001 365 2040 rere
387 1986 417 2040 et
439 2003 473 2040 ex
495 1983 597 2041 eodem
618 1983 699 2041 fonte
721 2001 770 2041 eos
791 1983 918 2041 haurire.

343 2080 511 2139 Licinianus
540 2081 628 2139 etiam
657 2081 719 2155 egit
740 2080 775 2138 de
796 2100 920 2140 numero
943 2100 1104 2141 caesorum.
1147 2080 1205 2139 Sed
1225 2080 1371 2156 reliquiae

303 2178 470 2237 litterarum
502 2178 543 2236 ibi
574 2182 635 2236 tam
657 2177 802 2238 obscurae·
822 2181 900 2249 sunt,
922 2182 958 2237 ut
978 2180 1052 2237 certi
1072 2179 1184 2254 aliquid
1204 2179 1271 2236 inde
1293 2179 1373 2237 effici

303 2295 362 2334 non
393 2277 497 2351 possit.
540 2275 612 2350 Legi
642 2280 769 2351 possunt
791 2276 812 2350 ¹)
833 2275 996 2335 vocabula:
1023 2276 1168 2347 „militum
1190 2321 1196 2334 .
1220 2321 1226 2333 .
1249 2321 1256 2333 .
1280 2320 1287 2334 .
1309 2296 1372 2352 que

306 2393 382 2447 „non
412 2374 509 2432 minus
542 2374 630 2432 semel
662 2374 783 2449 periisse
815 2374 1049 2433 existimantur’‘.
1091 2375 1282 2445 Dieolrmanm
1316 2374 1373 2450 qui

304 2472 454 2548 supplevit
488 2472 633 2543 „militurn
660 2473 870 2546 coloniamque'
899 2473 958 2529 iam
990 2472 1045 2531 hoc
1067 2472 1170 2532 obesse
1192 2472 1271 2543 dicit,
1294 2473 1372 2547 quin

304 2570 457 2628 credamus
488 2569 678 2627 traditionem
709 2569 839 2627 Antiatis
871 2568 1048 2644 (Liuianum)
1081 2569 1159 2646 apud
1181 2569 1371 2628 Licinianum

304 2672 426 2738 exstare,
459 2667 540 2742 quod
571 2666 672 2725 Livius
705 2666 833 2740 (Antias)
866 2668 1024 2742 separatim
1051 2667 1086 2726 de
1108 2666 1251 2725 militibus
1274 2667 1371 2726 caesis

304 2769 333 2823 et
365 2765 400 2823 de
433 2765 583 2823 calonibus
616 2765 706 2823 caesis
739 2765 808 2839 egit.
852 2764 910 2822 Sed
941 2765 965 2823 is
982 2765 1098 2824 ‘oblitus
1121 2769 1166 2823 est
1187 2765 1372 2824 vocabulum

306 2864 478 2935 „calonum”
507 2863 537 2920 in
565 2863 644 2921 hunc
664 2862 763 2921 locum
785 2883 802 2920 a
823 2881 853 2920 se
875 2863 940 2938 ipso
962 2882 1025 2921 esse
1047 2863 1172 2922 illatum.
1215 2863 1297 2921 Nihil
1319 2863 1372 2921 ob-

303 2964 362 3019 stat
383 2961 541 3036 quominus
562 2960 695 3035 legamus
722 2960 1105 3036 „militumaocaoruorque'⁷,
1118 2961 1373 3034 quemadmodum

303 3059 425 3118 Orosius
457 3059 543 3118 dicit:
579 3059 748 3132 „octoginta
779 3058 860 3116 milia
890 3057 1092 3117 Romanorum
1120 3061 1315 3136 sociorumque
1337 3079 1373 3117 ea

306 3160 499 3234 „tempestate
534 3156 682 3215 trucidata
703 3161 795 3214 esse'’.
837 3157 873 3213 ln
893 3157 1039 3216 vocabulo
1062 3161 1202 3232 corrupto
1224 3157 1373 3216 Liciniani

231 3257 233 3260 ⁴
306 3257 424 3328 „semel”
457 3256 547 3313 latere
575 3258 675 3330 potest
703 3273 843 3312 numerus
875 3255 978 3324 maior,
1001 3254 1098 3314 Orosii
1118 3275 1242 3315 numero
1265 3274 1371 3314 conve·

304 3355 395 3425 niens,
427 3351 546 3411 LXXX.
577 3352 665 3410 'Fieri
697 3353 790 3427 igitur
820 3355 921 3428 potest
948 3356 984 3411 ut
1011 3337 1180 3412 Licinianus
1202 3354 1370 3428 scripserit:

308 3452 453 3524 „militum
495 3451 702 3526 sociorumque
733 3470 792 3509 non
823 3450 920 3508 minus
952 3451 1104 3525 octoginta
1135 3452 1217 3509 milia
1247 3452 1371 3526 periisse

308 3535 567 3622 (existimanturk
590 3549 670 3624 quod
691 3549 716 3607 si
738 3568 842 3607 verum
865 3552 910 3607 est
930 3549 985 3607 huc
1007 3568 1168 3625 quoquere
1184 3568 1252 3608 cum
1265 3549 1371 3608 Orosio

306 3652 335 3706 et
357 3667 424 3706 curn
445 3647 529 3706 Livio
552 3647 696 3706 convenit.

345 3746 548 3805 Demonstrari
579 3745 672 3820 igitur
698 3764 757 3804 non
778 3748 878 3821 potest
899 3744 929 3802 in
951 3745 1001 3817 εἰς,
1024 3765 1099 3821 qnae
1122 3745 1157 3803 de
1179 3747 1269 3805 rebus
1291 3746 1369 3805 bello

306 3863 331 3901 a.
356 3844 427 3901 105⁰
447 3843 538 3918 gestis
561 3842 646 3902 nobis
660 3847 776 3901 servata
788 3843 847 3901 sint
859 3843 1077 3919 (praeterquam
1090 3843 1169 3918 apud
1181 3844 1370 3917 Diodorum),

307 3941 419 4016 aliquid
449 3941 552 4012 inesse,
586 3941 667 4016 quod
698 3941 735 3998 ad
759 3941 948 4000 traditionem
970 3940 1122 3999 Livianarn
1143 3960 1202 3999 non
1223 3942 1370 4018 pertinere

307 4040 411 4114 possit.
452 4039 550 4097 Etiam
581 4039 717 4115 prodigia
749 4039 937 4098 aLicininno
960 4038 1107 4115 descripta
1127 4039 1169 4097 ita
1190 4041 1371 4100 conveniunt

307 4209 510 4217 .-—-—.

269 4400 278 4416 .
316 4405 325 4419 .
344 4331 361 4394 ¹)
380 4338 404 4384 in
423 4339 461 4384 ed.
480 4339 554 4384 Pertz
571 4352 595 4398 p.
615 4340 646 4384 35
664 4342 689 4385 et
706 4353 731 4399 p.
752 4342 789 4386 12.
