2916 5062
710 462 746 522 89

240 624 448 695 Quaestionem
481 626 613 684 nostram
635 624 677 682 ita
698 623 915 700 dispertiemur,
937 627 973 683 ut
992 626 1058 683 tota
1078 624 1202 683 materia
1223 644 1264 683 se-

204 723 327 782 cundum
351 727 522 799 temporum
543 722 675 781 ordinem
698 722 800 793 divisa,
822 723 952 798 primurn
969 742 1264 799 sempcrenarremus

202 841 243 891 ras
275 824 384 897 gestas
418 840 493 898 quae
525 821 684 879 memoriae
713 823 846 879 servatae
868 821 935 893 sint,
958 820 1062 879 deinde
1084 840 1206 896 agamus
1229 822 1264 880 de

203 919 402 995 discrepantiis
424 921 580 978 auctorum
603 922 633 977 et
654 919 689 977 do
711 918 844 977 fontibus
867 937 882 976 e
904 919 1012 994 quibus
1025 923 1159 978 auctores
1171 921 1265 978 nostri

200 1017 328 1076 hausisse
359 1017 524 1076 videantur.
578 1017 759 1092 Incipiemus
790 1016 884 1092 igitur
915 1037 931 1074 a
963 1017 1051 1075 rebus
1084 1036 1159 1076 anno
1193 1017 1263 1076 105⁰

199 1115 297 1188 gestis.
340 1115 514 1174 Provinciae
536 1116 685 1174 Romanae
707 1114 893 1173 Narbonensi
915 1134 990 1173 anno
1012 1115 1082 1173 106Ο
1095 1115 1264 1190 praefuerat

200 1213 231 1282 Q.
243 1212 386 1272 Servilius
419 1212 527 1289 Caepio
561 1213 686 1283 Consul;
718 1232 787 1271 eum
815 1216 935 1271 senatus
956 1213 1080 1288 imperio
1102 1217 1263 1288 prorogato

199 1329 264 1368 curn
296 1311 428 1369 exercitu
458 1310 488 1368 in
518 1330 551 1368 ea
579 1310 699 1385 regione
721 1330 838 1368 manere
859 1309 955 1369 iussit.
999 1310 1055 1368 Sed
1077 1294 1144 1368 euni
1166 1312 1263 1369 solum

197 1428 298 1483 parem
325 1427 385 1467 non
406 1409 468 1467 fore
489 1408 626 1467 hostibus
648 1408 836 1466 existimabat
857 1412 977 1466 senatus
1000 1412 1029 1466 et
1050 1408 1088 1467 ob
1110 1428 1173 1466 eam
1196 1428 1262 1467 cau·
1299 1412 1309 1431 “

197 1525 258 1564 sam
282 1507 371 1564 etiam
394 1506 505 1565 Consul
526 1507 593 1564 anni
617 1507 692 1578 105³,
712 1506 762 1564 Cn.
775 1505 893 1563 Mallius
906 1506 1062 1582 Maximus,
1076 1525 1262 1580 cummagno

201 1605 331 1664 exercitu
363 1624 379 1662 a
407 1608 512 1663 senatu
543 1604 572 1662 in
605 1603 730 1662 Galliam
762 1604 871 1662 missus
904 1607 957 1663 est.
1001 1603 1095 1662 Causa
1127 1624 1180 1663 cur
1200 1609 1262 1663 tarn

196 1702 314 1760 fortiter·
345 1702 456 1760 bellum
489 1702 544 1761 hoc
577 1721 652 1760 anno
684 1701 832 1776 paraverit
854 1705 983 1772 senatus
1005 1701 1064 1760 fuit
1086 1702 1259 1774 coniuratio,

198 1820 286 1876 quam
307 1800 437 1858 fecerant
458 1800 560 1875 gentes
582 1799 723 1858 barbarae
745 1801 848 1859 contra
869 1799 1028 1858 Romanos.
1068 1800 1131 1858 Hae
1147 1803 1261 1875 gentes

197 1901 231 1956 ut
252 1898 355 1955 dicunt
377 1897 499 1956 Orosius
523 1898 544 1972 ¹)
567 1901 596 1955 et
617 1897 781 1972 Eutropius
804 1897 836 1970 2),
858 1897 981 1955 fuerunt
1001 1896 1260 1972 partimGallicae,

197 1995 305 2070 partim
328 1993 504 2066 Germanac3
531 2015 565 2053 ex
587 1995 644 2053 illis
666 1995 856 2053 nominantur
877 1994 1013 2069 Tigurini
1035 1998 1064 2053 et
1085 1995 1260 2068 Ambroues‚

197 2112 231 2151 ex
251 2093 297 2151 his
320 2091 431 2151 Cimbri
452 2093 647 2168 Teutonique.
690 2093 801 2151 Montio
830 2096 934 2169 postea
956 2093 993 2165 (a.
1019 2092 1100 2166 103⁰)
1122 2093 1210 2151 etiam
1227 2095 1261 2153 fit

198 2191 231 2248 de
263 2191 379 2267 Marsis,
412 2209 486 2267 quos
518 2195 584 2249 tum
616 2211 632 2248 a
664 2190 805 2249 societate
837 2190 959 2249 deduxit
981 2193 1011 2249 et
1032 2210 1100 2249 curn
1121 2191 1260 2252 Romanis

198 2297 364 2356 conciliavit
386 2296 469 2355 Sulla
499 2286 598 2369 „ptyra
624 2288 676 2348 καὶ
702 2283 960 2370 πολυάνθρωπον
985 2287 1112 2368 i'ttroe'';
1135 2317 1169 2356 ea
1189 2316 1261 2372 gens

197 2395 314 2453 videtur
345 2394 490 2453 Germana
517 2395 609 2453 fuisse
631 2399 661 2453 et
681 2396 805 2454 fortasse
828 2395 930 2454 eadem
950 2396 1008 2454 fuit
1030 2416 1119 2471 quam
1140 2395 1260 2455 Tacitus

197 2493 379 2564 memoravit,
405 2512 480 2568 quae
502 2496 606 2568 postea
627 2493 703 2551 inter
724 2493 861 2569 Lippiam
883 2497 912 2552 et
933 2493 1047 2551 Raram
1068 2493 1190 2551 fiumina
1210 2494 1259 2551 ha·

197 2588 310 2648 bitabat
332 2590 364 2664 3).
408 2590 574 2650 Verisimile
604 2594 649 2650 est
681 2592 770 2650 etiam
792 2592 970 2667 Tectosages
992 2592 1021 2649 in
1043 2592 1097 2650 hac
1119 2592 1260 2651 societate

195 2687 295 2746 fuisse.

236 2785 406 2844 Coniuratio
435 2789 535 2845 autem
557 2789 622 2845 orta
643 2805 706 2846 esse
727 2787 846 2846 videtur
866 2787 946 2863 apud
968 2787 1067 2847 Gallos
1089 2791 1119 2846 et
1140 2807 1174 2846 eo
1193 2806 1259 2846 con·

196 2883 260 2943 silio
288 2883 367 2941 facta
395 2902 458 2942 esse
479 2888 514 2943 ut
534 2903 630 2960 poena
652 2905 668 2943 a
689 2885 829 2945 Romanis
850 2889 1034 2962 repeteretur
1056 2886 1201 2961 sacrilegii
1223 2886 1258 2944 ab

194 2980 251 3040 illis
282 2981 406 3040 Tolosae
439 2983 596 3053 commissi,
623 2984 768 3043 thesauris
791 2985 866 3043 sacri
887 2984 1019 3059 direptis.
1061 2984 1149 3044 Ratio
1171 2985 1257 3056 enim,

196 3099 253 3154 qua
273 3080 330 3139 hoc
351 3100 426 3140 anno
448 3079 559 3139 bellum
581 3102 598 3139 a
619 3080 751 3141 barbaris
773 3087 891 3158 gestum
911 3087 964 3154 cst,
985 3083 1076 3153 furor,
1089 3101 1148 3159 quo
1161 3083 1258 3142 omnia

196 3178 366 3237 deleverunt
404 3179 512 3255 quibus
544 3180 573 3236 in
605 3198 706 3256 pugna
737 3181 826 3257 potiti
858 3185 936 3252 sunt,
969 3182 1099 3240 ostendit
1130 3183 1189 3239 iam
1221 3182 1256 3240 ab

195 3274 278 3334 initio
309 3280 414 3335 votum
446 3277 481 3335 ab
514 3277 555 3335 eis
586 3278 698 3337 facturn
731 3298 802 3349 esse,
836 3299 895 3355 quo
927 3279 1103 3354 Caepionem
1135 3280 1262 3355 eiusque⁴

195 3373 355 3433 exercitum
387 3377 417 3433 et
448 3375 554 3446 omnia,
588 3395 662 3453 quae
696 3377 723 3434 in
752 3377 855 3436 castris
877 3377 1018 3436 haberent
1038 3378 1173 3449 Romani,
1196 3378 1257 3435 deis

195 3472 255 3530 suis
288 3477 500 3532 consecrarent.
551 3473 672 3533 Orosius
709 3475 780 3533 dicit
814 3475 953 3535 barbaros
988 3495 1081 3547 „nova
1112 3478 1257 3552 quaedam

197 3572 303 3646 „atquo
342 3571 460 3629 insolita
495 3573 693 3631 exsecratione
725 3576 831 3632 cuncta
862 3594 937 3650 quae
969 3579 1105 3650 ceperant
1136 3595 1257 3650 pessum

197 3668 348 3739 „dedisse”
370 3669 414 3743 4);
436 3669 466 3726 id
488 3670 574 3727 aliam
597 3690 715 3733 causam
737 3671 875 3730 habuisse
896 3672 945 3730 vix
962 3677 1062 3747 potest
1080 3673 1254 3748 quamdesi·

194 3765 308 3823 derium
340 3767 486 3842 sacrilegii
518 3768 656 3827 Tolosani
687 3768 855 3828 ulciscendi.
898 3770 956 3828 sed
977 3791 1157 3846 quamquam
1180 3771 1256 3830 Galli

193 3861 249 3920 hoo
278 3863 333 3921 sibi
364 3869 581 3940 proposuerant
601 3869 636 3924 ut
657 3885 766 3941 poenas
789 3887 805 3924 a
826 3867 965 3927 Romanis
987 3872 1162 3945 repeterent,
1186 3869 1255 3928 Ger-

193 3960 287 4018 manis
318 3965 426 4033 tamen,
460 3963 511 4037 qui
543 3982 610 4022 cum
642 3964 683 4022 eis
705 3964 877 4024 societatem
897 3966 1038 4038 fecerunt,
1065 3967 1153 4025 simul
1175 3967 1255 4025 aliud

229 4232 246 4297 ¹)
265 4243 337 4288 Oros.
355 4244 383 4300 V,
403 4245 441 4301 16,
462 4246 483 4291 1.
503 4268 532 4276 -
554 4236 572 4299 ⁹)
589 4245 695 4307 Eutrop.
713 4249 741 4306 V,
761 4251 783 4315 1,
803 4251 824 4296 l.
845 4273 875 4282 -
898 4242 916 4305 ³)
934 4251 991 4300 Tac.
1009 4251 1097 4309 Annal.
1116 4254 1137 4312 I,
1156 4254 1194 4312 50,
1214 4255 1253 4313 56,

192 4327 226 4384 Π,
244 4328 284 4376 25.
304 4351 333 4360 -
355 4319 372 4383 ⁴]
392 4329 464 4386 Oros.
482 4329 510 4387 V,
531 4331 568 4390 16,
588 4332 610 4381 5.
1134 4319 1135 4322 ¹
