2916 5062
720 477 760 542 78

232 642 262 700 Ο.
296 640 366 712 101,
398 638 489 698 1-4.
533 641 645 711 Quarto
677 642 723 699 die
754 641 871 699 hostem
899 640 1001 698 adesse
1023 645 1156 716 apparet,
1179 641 1203 697 is
1225 644 1258 699 ut

191 739 340 799 Romanos
362 739 397 797 ab
420 739 557 798 omnibus
579 741 669 797 simul
688 739 824 815 partibus
843 739 1055 814 aggrederetur
1067 742 1097 796 et
1109 739 1222 796 interea
1234 737 1257 808 ¹)

194 857 261 895 cum
292 838 451 912 peditibus,
485 856 559 912 quos
585 837 680 896 Velox
702 837 833 912 adduxit,
857 856 958 895 eorum
981 854 1087 910 agmen
1109 836 1260 911 equitibus

192 937 305 994 nudum
327 937 446 1004 deleret,
469 935 634 1010 equitatum
653 935 784 993 suumin
800 939 899 1009 partes
912 937 1041 1009 quatuor
1052 933 1261 1003 distribuerat3

192 1033 303 1091 Marius
326 1033 451 1107 gradum
474 1033 561 1090 sistit.

234 1131 263 1189 0.
287 1129 356 1203 101,
379 1128 411 1188 6.
454 1131 640 1205 Quamquam
662 1131 739 1188 acies
760 1130 865 1206 prima,
888 1130 935 1188 cui
958 1130 1019 1205 ipse
1042 1129 1153 1188 Marius
1175 1149 1260 1204 prae-

195 1233 248 1299 est,
277 1229 402 1286 maxime
424 1227 460 1285 ab
482 1228 614 1287 hostium
636 1228 781 1303 equitatu,
804 1248 891 1303 quem
914 1227 1062 1302 Iugurtha
1082 1227 1146 1302 ipse
1168 1227 1262 1297 ducit,

193 1329 329 1397 vexatur,
360 1325 391 1382 id
421 1327 538 1383 tantum
561 1324 585 1396 2)
618 1325 699 1400 quod
731 1325 821 1394 Sulla,
856 1345 944 1400 quem
975 1325 1106 1400 primum
1128 1324 1264 1383 hostium

193 1424 307 1499 equites
328 1425 444 1498 petunt,
466 1422 547 1493 lecit,
565 1426 715 1493 narratur,
738 1422 915 1498 additurque
937 1442 1004 1481 11111
1018 1441 1087 1481 suos
1100 1423 1263 1493 monuisse,

193 1541 262 1579 cum
292 1520 453 1595 prudenter
485 1523 515 1578 et
540 1520 666 1578 scienter
687 1520 801 1595 equites
824 1538 895 1578 suos
917 1520 1097 1578 continuisse
1119 1523 1149 1578 et
1171 1539 1265 1595 quarn

194 1619 319 1677 maxime
351 1618 489 1677 confertis
522 1618 605 1692 equis
635 1618 773 1675 adversos
802 1618 902 1676 hostes
924 1617 1082 1688 invasisse3
1105 1618 1156 1676 sed
1179 1618 1264 1687 aliae,

194 1717 321 1774 Marium
352 1717 382 1773 in
414 1716 475 1774 acie
499 1716 603 1790 prima,
625 1715 769 1773 Manlium
791 1715 910 1773 sinistro
933 1734 1034 1785 cornu,
1056 1716 1134 1774 idem
1155 1716 1264 1773 fecisse

193 1814 284 1872 verbo
314 1813 458 1890 „ultique”
480 1817 598 1871 tantum
621 1813 812 1887 significatur.
855 1813 932 1870 Dum
956 1813 1103 1887 proelium
1125 1816 1265 1888 equestre

195 1913 238 1981 fit,
273 1913 374 1987 copiae
402 1931 476 1986 quas
503 1910 602 1969 Volux
625 1910 798 1981 adduxerat,
820 1910 940 1969 Boccho
962 1912 1027 1986 ipso
1050 1911 1135 1980 duce,
1158 1929 1267 1985 agmen

195 2010 362 2068 Romanum
384 2013 413 2067 et
433 2009 551 2084 quidem
564 2012 745 2084 postremam
758 2008 850 2066 aciem
862 2009 976 2067 adversi
989 2009 1264 2084 appropinquantes

194 2108 347 2167 invadunt.
389 2108 454 2165 Hoc
485 2108 550 2165 loco
583 2107 669 2165 alacri
702 2106 837 2182 peditum
860 2107 1018 2165 certamine
1040 2110 1202 2181 pugnatur,
1226 2105 1263 2163 de

193 2226 252 2282 quo
275 2205 354 2280 apud
375 2205 549 2263 Sallustium
570 2205 765 2280 paucissima;
787 2204 818 2261 id
839 2205 927 2263 modo
948 2204 1048 2280 prodit
1067 2204 1091 2275 ³)
1110 2204 1263 2262 Romanos

194 2304 313 2362 tandem
344 2303 374 2359 in
406 2321 439 2361 eo
470 2303 562 2361 fuisse
595 2308 629 2361 ut
660 2303 905 2378 profligarentur:
938 2303 1069 2377 legiones
1101 2302 1161 2359 iam
1195 2302 1262 2361 loco

197 2400 359 2473 11111114).

240 2498 335 2557 (lausa
357 2497 419 2555 eius
442 2497 617 2556 discriminis
639 2518 673 2555 ea
693 2501 810 2555 tantum
833 2498 969 2568 traditur,
992 2497 1168 2572 Iugurtham
1181 2501 1263 2573 post-

197 2616 287 2672 quam
308 2615 323 2653 e
346 2595 503 2653 certamine
526 2615 593 2653 cum
614 2595 709 2653 Mario
730 2596 760 2652 iu
782 2595 843 2653 acie
865 2595 960 2670 prima
973 2601 1108 2654 conserto
1120 2595 1262 2670 eruperit,

202 2695 294 2765 ,clam
326 2712 393 2751 eum
424 2693 526 2768 paucis
558 2694 595 2750 ad
626 2693 740 2768 pedites
773 2692 948 2768 (Romanos)
978 2693 1157 2752 convertisse
1179 2697 1210 2751 et
1232 2713 1263 2753 se

202 2793 307 2867 ,paulo
330 2795 396 2849 ante
417 2790 545 2847 Marium
566 2810 619 2848 sua
640 2811 728 2848 manu
746 2791 926 2850 interfecisse
938 2790 1041 2849 Latine
1054 2791 1263 2849 exclamasse”.

199 2890 271 2948 [nde
303 2889 376 2948 effici
407 2892 507 2964 potest
527 2888 620 2947 Mario
642 2908 699 2947 non
721 2908 861 2964 prospere
884 2889 1005 2948 cessisse
1026 2890 1172 2965 proelium
1195 2909 1264 2948 cum

196 2989 328 3046 hostium
350 2986 509 3063 equitibus
533 2986 584 3062 qui
605 2987 635 3043 in
656 2987 717 3045 acie
738 2987 834 3062 prima
856 2990 948 3058 erant,
971 2987 1150 3062 iugurtham
1165 2989 1265 3063 ipsum

199 3106 266 3144 cum
297 3086 399 3161 paucis
432 3084 581 3160 equitibus
614 3104 681 3142 eum
703 3089 942 3159 praetervectum
964 3085 1000 3142 ad
1023 3085 1115 3143 aciem
1136 3087 1266 3143 mediam

198 3185 375 3260 perrupisse,
398 3202 457 3259 quo
479 3183 591 3240 factum
613 3186 648 3240 ut
668 3182 782 3257 pedites
806 3184 941 3253 Romani,
965 3202 1032 3241 cum
1054 3182 1192 3242 Bocchus
1214 3203 1264 3242 no·

199 3282 336 3340 vissimos
357 3284 504 3356 premeret
525 3284 555 3361 et
576 3280 632 3356 ipsi
654 3280 689 3337 ab
712 3281 804 3339 altera
825 3285 909 3355 parte
932 3300 1050 3356 queque
1071 3281 1264 3356 alugurthae

198 3380 347 3454 equitibus
368 3382 554 3449 vexarentur,
576 3378 790 3452 intellegerent,
806 3378 933 3435 Marium
946 3379 1101 3437 cecidisse:
1123 3378 1264 3454 idipsum

198 3481 233 3536 ut
264 3478 411 3552 Iugurtha
444 3477 650 3535 exclamaverit
681 3477 744 3535 fieri
765 3480 874 3552 potest,
897 3477 947 3536 sed
969 3477 1130 3535 absurdum
1154 3482 1217 3537 erat
1238 3478 1266 3536 ei

199 3576 241 3633 rei
263 3576 318 3634 soli
338 3579 436 3634 totum
457 3593 575 3650 pugnae
598 3574 753 3632 discrimen
777 3575 947 3633 attribuere.

241 3673 271 3732 O.
297 3671 364 3744 101,
387 3670 417 3730 8.
461 3672 518 3730 Sed
546 3672 576 3728 in
597 3673 653 3731 hoc
674 3673 739 3747 ipso
762 3672 887 3730 articulo
909 3674 1051 3749 temporis
1074 3674 1156 3732 Sulla
1178 3693 1265 3750 opem

200 3774 229 3829 11
250 3773 376 3830 salutem
398 3771 490 3828 affert.
532 3769 700 3845 Equitibus,
724 3771 776 3845 qui
787 3771 923 3828 dextrum
935 3772 1013 3830 latus
1026 3773 1160 3847 aggressi
1171 3776 1263 3842 erant,

198 3869 372 3945 profligatis,
408 3868 438 3925 in
474 3868 611 3943 obliquos
646 3868 824 3942 proeliantes
859 3869 957 3943 copias
991 3869 1134 3928 adversus
1163 3889 1264 3928 earum

199 3968 342 4043 impetum
365 3966 508 4042 reprimit.
551 3965 615 4034 Quo
633 3966 712 4024 facto
735 3966 861 4024 ltomani
883 3986 912 4025 se
935 3967 1080 4042 colligunt
1100 3967 1135 4040 ὃ1,
1157 3968 1263 4042 lugur-

199 4066 259 4137 11111,
289 4065 325 4123 ab
347 4065 407 4123 acie
428 4065 574 4139 repulsus
597 4064 743 4134 omnibus,
766 4065 906 4138 quicum
929 4066 1023 4123 secuti
1045 4069 1128 4123 erant
1150 4066 1262 4136 occisio,

202 4237 405 4246 .-——--.—-

237 4319 968 4385 ¹ll·0·-²'l§4·-³l§7·-·‘lit—til·
