2916 5062
318 626 397 683 Plut.
419 625 492 683 Mar.
515 645 538 683 c.
561 626 588 682 8.
893 624 962 682 Sall.
984 623 1031 694 64,
1054 624 1081 681 4.

235 741 289 820 „oo
309 740 710 822 ydoriyurrrioaedwruium
775 760 827 810 ,ne
857 740 1012 798 festinaret
1042 738 1137 797 abire:
1180 739 1252 797 satis

191 844 303 926 „widi
328 855 428 926 τούτῳ
450 855 706 929 συμυπαῃύσῃςὶ
730 841 861 909 „mature
893 838 976 895 illum
1009 857 1076 896 Olim
1107 837 1167 895 fillo
1197 856 1252 895 SUO

191 950 248 1034 nh,
269 951 295 1015 δ’
310 956 328 1016 0¹
345 970 419 1024 παῖς
432 955 499 1014 25„
513 969 564 1013 τοῦ
578 950 706 1014 aiffa,
731 937 933 1008 ,consulatum
954 936 1128 1011 potiturum.
1166 936 1195 994 Is
1217 955 1252 994 eo

192 1056 268 1140 ’,λου
296 1064 481 1122 παντάπασι
510 1061 706 1138 'ammove
734 1038 883 1109 ,tempore
925 1034 1117 1093 contubernio
1158 1034 1252 1109 patris

733 1132 858 1204 ,ibidem
879 1131 1034 1202 militabat,
1057 1151 1148 1190 annos
1164 1134 1252 1190 natus

734 1231 866 1301 „circiter
887 1230 1022 1305 viginti.’⁷

229 1383 304 1441 Dein
325 1381 504 1439 Plutarchus
525 1385 625 1440 narrat
646 1382 773 1440 Marium
796 1402 811 1439 a
832 1382 953 1441 Metello
966 1381 1137 1440 missionem
1150 1385 1220 1456 post
1244 1415 1253 1424 -

189 1482 273 1550 lasse,
296 1480 374 1537 hunc
396 1499 460 1537 eam
483 1498 599 1554 semper
619 1498 743 1553 negasse
765 1483 795 1538 et
817 1479 976 1550 distulisse,
999 1484 1028 1537 et
1049 1479 1167 1538 tandem
1190 1498 1253 1536 eam

191 1578 305 1637 dedisse
331 1597 394 1636 cum
415 1597 472 1636 riori
495 1579 622 1652 carpitus
644 1581 682 1636 12
702 1580 764 1636 dies
785 1581 852 1635 ante
874 1577 1042 1652 legitimum
1063 1581 1190 1653 tempus,
1202 1597 1256 1651 per

191 1676 270 1752 quod
301 1675 493 1750 magistratus
525 1675 636 1733 Romae
668 1675 813 1750 petendus
846 1679 917 1740 erat,
941 1679 1137 1750 superessent,
1161 1674 1254 1750 (quod

190 1775 283 1850 igitur
314 1793 412 1832 mense
444 1774 503 1831 sere
532 1773 609 1831 Maio
640 1774 707 1830 anni
731 1773 795 1832 1081
817 1773 930 1832 factum
952 1773 1017 1845 est),
1040 1772 1107 1831 dein
1128 1773 1255 1830 Marium

191 1873 274 1935 illam
292 1872 462 1931 missionem
482 1874 515 1929 iii
535 1874 639 1951 castris
660 1873 806 1946 accepisse
829 1875 859 1930 et
880 1871 997 1931 duobus
1020 1871 1123 1930 diebus
1136 1891 1254 1946 unaque

192 1973 277 2029 nocte
309 1990 386 2045 equo
417 1969 496 2027 riam
528 1990 545 2026 a
576 1970 679 2028 castris
701 1969 819 2028 Uticam
842 1969 1011 2040 confecisse,
1033 1970 1074 2027 ibi
1096 1974 1255 2045 antequam

191 2087 296 2127 navem
338 2067 545 2126 conscenderet
588 2067 775 2138 sacrificasse,
811 2069 979 2125 vaticinium
1011 2069 1093 2125 valde
1122 2069 1255 2141 faustum

193 2168 334 2224 nanctum
366 2168 433 2223 ante
462 2167 602 2239 quartum
624 2164 701 2222 diem
722 2165 752 2222 in
773 2165 891 2223 Italiam
913 2165 1062 2223 traiecisse
1084 2168 1114 2223 et
1134 2165 1254 2224 tandem

193 2267 260 2322 ante
292 2262 411 2322 comitia
441 2262 542 2321 habita
572 2263 684 2322 Romae
715 2263 745 2319 in
777 2263 912 2322 contione
940 2263 1080 2322 adversus
1102 2264 1256 2321 Metellum

192 2362 282 2420 verba
310 2361 422 2419 fecisse.
464 2361 508 2418 De
538 2361 595 2419 illis
627 2361 764 2419 omnibus
786 2364 908 2437 excepto
930 2361 1068 2421 vaticinio
1089 2361 1154 2436 ipso
1176 2361 1256 2437 apud

194 2460 367 2520 Sallustium
390 2459 461 2517 nihil
483 2461 536 2517 est.

323 2612 402 2669 Plut.
425 2610 498 2668 Mar.
521 2630 544 2669 c.
568 2613 594 2669 8.
898 2612 966 2671 Sall.
989 2613 1036 2683 63,
1061 2611 1085 2669 1.

243 2726 338 2806 ,aare
369 2726 428 2804 πρὸ
460 2743 511 2786 roo
544 2723 634 2787 πλοῦ.
661 2727 712 2786 καὶ
789 2728 863 2798 ,Per
892 2727 970 2785 idem
1002 2730 1119 2802 tempus
1152 2727 1256 2785 Uticae

200 2830 344 2913 ἰλέγεται
381 2833 435 2894 τὸν
469 2835 585 2910 μάντιν
617 2836 714 2894 eiaerr
741 2826 833 2897 „sorte
863 2824 935 2883 Gaio
957 2825 1050 2883 Mario
1071 2845 1124 2900 per
1145 2825 1257 2883 hostias

198 2938 420 3020 πώ,ἰι’,τι’στου,·
434 2939 713 3018 τινὰςτὸμέγεθος
736 2923 798 2994 adis
830 2924 1009 3000 supplicanti
1039 2941 1146 2998 magna
1168 2927 1257 2999 “¹quss

198 3047 270 3126 ”mg
296 3045 477 3126 mmm
489 3043 616 3116 ἐλπίδος
628 3047 714 3106 ἁπάα
740 3021 1258 3131 ,memorabiliauortendrharusuex

199 3175 271 3234 „⁰'l3
296 3150 466 3234 εὐπραξίας
485 3151 656 3234 mmm,
672 3159 714 3213 τώ
739 3118 884 3227 „diaeret3
912 3120 1034 3194 prornde
1055 3138 1139 3228 'quae
1162 3139 1258 3177 ammo

694 3226 697 3235 '
740 3216 890 3290 ,ag1tabat
917 3217 1011 3275 fretus
1033 3217 1077 3275 drs
1100 3221 1201 3292 ageret
1214 3262 1220 3275 .
1234 3263 1260 3276 ..

200 3258 338 3339 „alluatur
363 3260 396 3320 τὸ
421 3256 621 3338 δαιμόνιον.”

740 3318 863 3386 ,cuncta
882 3333 1023 3390 prospere
1046 3319 1216 3374 eventura.”

234 3467 311 3526 Dein
331 3467 510 3526 Plutarchus
533 3467 628 3542 capite
650 3485 727 3526 nono
748 3486 791 3537 ea,
814 3485 889 3541 quae
900 3466 1012 3524 Marius
1025 3466 1095 3525 lecit
1106 3473 1140 3525 ut
1151 3486 1263 3525 novum

195 3567 357 3627 exercitum
389 3565 595 3636 conscriberet,
630 3565 759 3623 breviter
780 3565 906 3640 explicat
929 3566 961 3639 1),
984 3564 1092 3623 additis
1114 3566 1262 3625 nonnullis

196 3666 231 3723 de
253 3664 369 3723 acribus
392 3663 539 3733 conviciis
562 3663 671 3738 quibus
692 3663 804 3721 Marius
825 3662 937 3722 nobiles
960 3662 1081 3721 adortus
1104 3666 1157 3733 est,
1175 3665 1264 3738 (inter

196 3783 272 3839 quae
293 3762 480 3832 Plutarchus
503 3766 538 3819 ut
560 3780 651 3837 supra
672 3761 978 3832 commemoravimus
1001 3761 1145 3837 quaedam
1165 3781 1180 3819 e
1203 3761 1262 3819 Sal·

197 3860 288 3919 lustio
319 3860 396 3918 inter
423 3859 581 3934 legendum
602 3860 709 3918 hausta
731 3863 760 3918 et
781 3862 896 3918 retenta
917 3862 962 3918 est
984 3858 1157 3934 amplexus).
1200 3860 1263 3917 Sa-

198 3959 253 4017 tim
284 3958 368 4017 initio
401 3958 505 4033 capitis
538 3957 648 4016 decimi
665 3958 800 4032 sequitur
820 3956 947 4014 Marium
969 3976 1036 4014 vere
1059 3958 1126 4014 anni
1150 3958 1263 4015 1071111

198 4057 330 4117 Africam
360 4056 537 4132 pervenisse.
580 4056 645 4115 Hoc
678 4057 743 4115 loco
765 4055 919 4114 Metellum
939 4054 983 4113 ira
1005 4055 1156 4114 incensum
1177 4054 1264 4114 Marii

201 4231 413 4240 ———

238 4314 255 4380 1)
274 4323 323 4371 cfr.
342 4322 400 4371 sarr.
420 4323 450 4369 84
469 4323 495 4368 a
513 4323 553 4381 aa,
571 4321 644 4367 2-4.
