2916 5062
696 460 735 517 70

192 621 266 678 hano
298 621 487 679 sententiam:
526 618 645 690 ,foedus
673 622 703 676 et
732 617 862 676 amicitia
883 616 1034 674 dabuntur
1055 635 1123 674 cum
1144 633 1256 673 merue-

195 719 269 789 ,rit”
293 720 325 792 1),
354 737 531 794 magnopere
552 716 701 775 Diodorus
723 716 758 774 ab
771 735 806 773 eo
819 715 965 790 discrepat
983 733 1103 799 narrans
1122 718 1257 771 senatum

192 844 254 882 rem
286 825 496 882 decernendam
528 823 621 880 Mario
655 823 808 896 reliquisse
845 817 883 891 „q'
920 810 952 872 (lt
991 808 1182 890 σύγκλητος”
1219 819 1259 876 ait

198 921 324 999 »αὐτοῖς
345 929 475 1005 (legatis)
499 920 667 1000 ἀπόκρισιν
694 917 809 980 ἔδωκέν
834 920 987 980 ἁπάντων
1009 914 1173 988 τεύξεσθαι
1197 932 1260 976 τῶν

198 1022 457 1107 πφιλανθρώπων
483 1027 536 1086 τὸν
563 1028 691 1108 Βόκχον
715 1027 769 1086 ἐὰν
795 1029 925 1105 Μάριον
940 1021 1261 1106 naiop'',·sedutrum·

194 1151 250 1208 que
284 1134 461 1207 coniungere
494 1131 581 1201 licet3
613 1151 679 1189 nam
715 1132 844 1190 dubitari
865 1151 924 1189 non
950 1133 1051 1206 potest
1072 1130 1144 1204 quin
1165 1129 1261 1186 Mario

194 1252 210 1288 a
242 1233 346 1289 senatu
376 1229 495 1287 licentia
523 1228 696 1287 decernendi
725 1248 864 1287 concessa
885 1229 946 1314 sit.¹
974 1227 1088 1285 Verum
1109 1226 1261 1284 Diodorus

193 1328 223 1385 id
245 1327 393 1386 studuisse
415 1327 541 1397 videtur,
562 1329 598 1384 ut
620 1346 655 1384 ex
676 1327 835 1403 scriptione
857 1346 911 1385 sua
922 1327 1088 1384 luculenter
1104 1326 1262 1399 appareret

194 1426 320 1484 Marium
342 1425 496 1500 imprimis,
519 1443 577 1483 non
600 1424 722 1495 Sullam,
745 1424 856 1483 bellum
878 1424 1047 1483 coniecisse.

234 1519 377 1595 Appiani
406 1523 535 1581 narratio
557 1522 582 1593 2)
610 1521 645 1579 ab
669 1524 761 1581 altera
781 1526 866 1598 parte
889 1542 956 1581 oum
978 1520 1112 1579 Sallustii
1133 1519 1263 1576 maxime

195 1624 339 1693 convenit,
362 1623 398 1680 ab
420 1624 512 1680 altera
533 1641 649 1680 summa
670 1622 834 1680 differentia
856 1622 891 1680 ab
914 1641 948 1680 eo
970 1621 1145 1694 seiungitur.
1172 1618 1260 1676 Uter-

195 1738 252 1795 que
283 1721 390 1796 prioris
416 1720 573 1795 legationis
596 1720 694 1779 Sullae
716 1721 752 1778 ad
775 1720 927 1779 Bocchum
948 1720 1127 1778 mentionem
1148 1717 1259 1775 iniecit.

195 1818 285 1894 Apud
307 1818 481 1876 Sallustium
502 1817 584 1875 Sulla
605 1818 694 1876 verba
714 1819 809 1876 facere
830 1818 935 1893 incipit
955 1818 988 1891 3),
1011 1816 1091 1890 quod
1102 1815 1259 1890 Appianas

195 1916 304 1975 omisit.
345 1915 454 1986 Verba,
486 1915 594 1989 quibus
630 1915 767 1992 Appiano
800 1920 920 1975 auctore
941 1914 1078 1974 Bocchus
1098 1932 1172 1972 usus
1196 1930 1259 1970 esse

195 2016 297 2084 fertur,
330 2015 430 2071 eadem
464 2016 533 2070 sunt
560 2028 635 2085 quae
666 2013 824 2073 Sallustius
845 2014 954 2090 prodit.
995 2013 1071 2071 Dein
1093 2012 1260 2086 sequuntur

196 2112 275 2186 apud
305 2112 476 2186 Appianum
508 2129 542 2167 ea
574 2127 648 2184 quae
675 2113 748 2170 alter
768 2113 885 2187 legatus
907 2111 1004 2170 Aulus
1026 2110 1153 2168 Manlius
1177 2107 1259 2166 Sulla

195 2212 311 2267 tacente
332 2207 494 2283 respondit,
517 2227 584 2266 cum
601 2208 631 2265 id
642 2209 738 2284 ipsum
752 2210 911 2268 Sallustius
924 2209 1133 2285 significaverit
1145 2207 1258 2265 Sullam

196 2307 293 2365 solum
315 2306 393 2381 apud
414 2324 514 2380 regem
535 2306 670 2364 locutum
692 2327 763 2379 esse,
783 2309 892 2367 Manlio
911 2327 969 2366 non
988 2307 1078 2365 aetati
1096 2305 1258 2364 sediaeun-

197 2405 261 2462 diae
290 2405 353 2462 eius
376 2403 552 2462 concedente
573 2402 608 2475 4).
651 2405 742 2481 Apud
762 2406 934 2482 Appianum
954 2405 1081 2464 Manlius
1103 2422 1258 2478 argumen-

196 2505 278 2561 tatur
309 2501 461 2560 Bocchum
492 2499 663 2559 Numidiam
695 2503 913 2562 Occidentalem
940 2504 1047 2561 iniuria
1075 2501 1131 2561 sibi
1156 2500 1258 2570 ascire,

197 2600 277 2674 quod
308 2599 433 2658 Romani
464 2618 528 2656 eam
559 2600 709 2674 regionem
741 2602 912 2678 aSyphace
934 2605 1050 2677 captam
1071 2600 1260 2658 Massinissae

198 2698 274 2757 dono
307 2698 464 2766 dedissent,
497 2696 642 2756 eiusmodi
663 2702 764 2759 autem
785 2720 893 2759 munus
915 2699 1030 2758 tamdiu
1050 2698 1140 2757 modo
1161 2698 1258 2755 valere

198 2796 340 2870 quamdiu
371 2800 485 2856 senatui
517 2799 689 2875 populoque
707 2799 845 2874 placeret,
869 2815 957 2874 quam
979 2798 1016 2857 ob
1038 2817 1100 2855 rem
1122 2795 1258 2855 Bocchus

198 2894 272 2952 hanc
293 2897 402 2953 terram
423 2900 458 2954 ut
480 2896 644 2972 Iugurthae
666 2895 809 2955 adimeret
830 2897 893 2954 fieri
914 2915 973 2954 non
993 2895 1151 2972 potuisset.

236 2991 390 3067 Appianus
413 2995 508 3069 capite
531 2996 634 3069 quinto
656 2999 764 3065 narrat,
788 2994 868 3068 quod
889 2995 978 3053 etiam
994 2994 1072 3069 apud
1085 2993 1260 3052 Sallustium

196 3092 250 3160 est,
283 3091 412 3165 quinque
443 3093 558 3167 legatos
590 3092 700 3151 Bocchi
729 3092 931 3150 alati-onibus
953 3111 1054 3167 aspere
1076 3094 1260 3150 tractatosa

197 3188 279 3246 Sulla
309 3188 382 3247 bene
414 3196 551 3265 exceptos
584 3210 655 3260 esse,
689 3191 808 3248 absente
840 3191 943 3260 Mario,
966 3190 1000 3248 de
1023 3191 1107 3250 cuius
1129 3193 1260 3249 extrema

199 3287 383 3361 expeditione
415 3288 510 3347 hieme
532 3290 600 3346 anni
624 3286 712 3365 rocla
734 3289 763 3346 in
786 3287 927 3348 Gaetulos
949 3289 1027 3347 laeta
1048 3288 1103 3347 hoc
1125 3290 1190 3347 loco
1209 3308 1259 3364 op·

169 3453 171 3456 ,
198 3384 268 3442 time
291 3388 320 3442 et
340 3386 503 3444 rectissime
525 3387 633 3461 agitur.
675 3387 801 3445 Prorsus
823 3406 932 3446 novum
955 3390 1000 3445 est
1012 3387 1092 3462 quod
1103 3387 1259 3462 Appianas

199 3483 301 3541 deinde
322 3483 432 3559 prodit,
454 3484 605 3543 Bocchum
628 3485 749 3544 consilio
771 3484 934 3559 Iugurthae
956 3485 1091 3543 tradendi
1101 3485 1160 3542 iam
1172 3488 1260 3560 capto

199 3582 360 3640 exercitum
382 3582 527 3640 dimisisse
548 3584 578 3640 in
600 3582 816 3657 expeditionem
838 3583 978 3641 adversus
1000 3582 1172 3659 Aethiopas
1196 3584 1261 3658 (qui

198 3681 348 3755 regionem
370 3683 521 3754 patentem
542 3701 559 3738 a
579 3700 670 3755 regno
693 3681 755 3738 eius
777 3681 853 3738 inter
873 3680 1025 3739 meridiem
1037 3685 1067 3739 et
1078 3681 1260 3740 occidentem

198 3794 293 3851 usque
325 3777 362 3834 ad
383 3778 502 3836 Mauros
531 3780 632 3850 saltus,
656 3795 783 3853 quorum
810 3798 916 3836 nomen
936 3778 1022 3836 Atlas
1044 3797 1122 3837 nuno
1144 3782 1198 3848 est,
1220 3779 1261 3835 in-

200 3885 376 3958 coluerunt),
403 3877 453 3954 ,ἐς
486 3876 672 3957 ὑπόκρισιν”
695 3887 712 3944 i.
726 3905 750 3944 e.
783 3887 879 3961 specie
901 3887 1029 3960 quadam
1049 3890 1084 3945 ut
1104 3886 1195 3944 libere
1217 3907 1260 3944 ar-

199 3983 343 4057 bitriaque
365 3983 485 4042 remotis
508 3986 609 4058 ageret
630 3987 660 4043 et
679 3984 819 4043 Romanis
841 3988 993 4059 tamquam
1006 3985 1115 4060 pignus
1126 3984 1261 4062 benevoli

200 4172 411 4180 ——-—.————

238 4312 254 4374 ¹)
274 4321 329 4379 104,
348 4322 370 4369 5.
391 4346 419 4354 -
441 4311 458 4377 2)
477 4320 540 4383 npp.
557 4321 631 4368 Num.
650 4323 673 4378 4,
692 4323 714 4367 5.
735 4347 764 4354 -
785 4313 803 4375 ³)
821 4321 880 4369 san.
900 4322 1055 4386 maa-12.
1075 4346 1105 4353 -
1126 4312 1144 4375 ¹)
1164 4321 1218 4379 roa,
1237 4322 1259 4376 a.
