<?xml version="1.0" encoding="UTF-8"?>
<!DOCTYPE html PUBLIC "-//W3C//DTD XHTML 1.0 Transitional//EN"
    "http://www.w3.org/TR/xhtml1/DTD/xhtml1-transitional.dtd">
<html xmlns="http://www.w3.org/1999/xhtml" xml:lang="en" lang="en">
 <head>
  <title>
</title>
<meta http-equiv="Content-Type" content="text/html;charset=utf-8" />
  <meta name='ocr-system' content='tesseract 3.04.00' />
  <meta name='ocr-capabilities' content='ocr_page ocr_carea ocr_par ocr_line ocrx_word'/>
</head>
<body>
  <div class='ocr_page' id='page_1' title='image "./quaestionessull00hoekgoog_0073.png"; bbox 0 0 2916 5062; ppageno 0'>
   <div class='ocr_carea' id='block_1_1' title="bbox 713 479 751 541">
    <p class='ocr_par' dir='ltr' id='par_1_1' title="bbox 713 479 751 541">
     <span class='ocr_line' id='line_1_1' title="bbox 713 479 751 541; baseline 0 0"><span class='ocrx_word' id='word_1_1' title='bbox 713 479 751 541; x_wconf 75' lang='lat'>62</span> 
     </span>
    </p>
   </div>
   <div class='ocr_carea' id='block_1_2' title="bbox 192 642 1264 3948">
    <p class='ocr_par' dir='ltr' id='par_1_2' title="bbox 192 642 1264 3164">
     <span class='ocr_line' id='line_1_2' title="bbox 235 642 1261 718; baseline -0.001 -17"><span class='ocrx_word' id='word_1_2' title='bbox 235 644 315 702; x_wconf 89' lang='lat' dir='ltr'>Dum</span> <span class='ocrx_word' id='word_1_3' title='bbox 347 644 480 701; x_wconf 80' lang='lat' dir='ltr'><strong>thesauri</strong></span> <span class='ocrx_word' id='word_1_4' title='bbox 511 644 539 701; x_wconf 92' lang='lat' dir='ltr'>in</span> <span class='ocrx_word' id='word_1_5' title='bbox 571 643 734 718; x_wconf 77' lang='lat' dir='ltr'>Iugurthae</span> <span class='ocrx_word' id='word_1_6' title='bbox 766 645 915 717; x_wconf 77' lang='lat' dir='ltr'>potestate</span> <span class='ocrx_word' id='word_1_7' title='bbox 947 642 1032 717; x_wconf 89' lang='lat' dir='ltr'>eique</span> <span class='ocrx_word' id='word_1_8' title='bbox 1061 642 1157 717; x_wconf 89' lang='lat' dir='ltr'>parati</span> <span class='ocrx_word' id='word_1_9' title='bbox 1178 645 1261 701; x_wconf 88' lang='lat' dir='ltr'>erant</span> 
     </span>
     <span class='ocr_line' id='line_1_3' title="bbox 195 740 1260 817; baseline -0.003 -17"><span class='ocrx_word' id='word_1_10' title='bbox 195 743 275 800; x_wconf 88' lang='lat' dir='ltr'>dives</span> <span class='ocrx_word' id='word_1_11' title='bbox 305 745 368 800; x_wconf 88' lang='lat' dir='ltr'>erat</span> <span class='ocrx_word' id='word_1_12' title='bbox 397 761 548 817; x_wconf 83' lang='lat' dir='ltr'>novasque</span> <span class='ocrx_word' id='word_1_13' title='bbox 571 761 686 817; x_wconf 86' lang='lat' dir='ltr'>semper</span> <span class='ocrx_word' id='word_1_14' title='bbox 708 742 806 817; x_wconf 88' lang='lat' dir='ltr'>copias</span> <span class='ocrx_word' id='word_1_15' title='bbox 829 741 1020 814; x_wconf 84' lang='lat' dir='ltr'>comparavit,</span> <span class='ocrx_word' id='word_1_16' title='bbox 1043 740 1095 798; x_wconf 87' lang='lat' dir='ltr'>sed</span> <span class='ocrx_word' id='word_1_17' title='bbox 1115 759 1184 799; x_wconf 81' lang='lat' dir='ltr'>mox</span> <span class='ocrx_word' id='word_1_18' title='bbox 1206 742 1260 799; x_wconf 90' lang='lat' dir='ltr'>sin-</span> 
     </span>
     <span class='ocr_line' id='line_1_4' title="bbox 193 837 1261 914; baseline -0.002 -16"><span class='ocrx_word' id='word_1_19' title='bbox 193 841 279 914; x_wconf 87' lang='lat' dir='ltr'>gulos</span> <span class='ocrx_word' id='word_1_20' title='bbox 301 840 408 898; x_wconf 89' lang='lat' dir='ltr'>amisit.</span> <span class='ocrx_word' id='word_1_21' title='bbox 442 839 601 897; x_wconf 86' lang='lat' dir='ltr'>Sallustius</span> <span class='ocrx_word' id='word_1_22' title='bbox 623 839 780 897; x_wconf 85' lang='lat' dir='ltr'>memoriae</span> <span class='ocrx_word' id='word_1_23' title='bbox 802 857 860 896; x_wconf 89' lang='lat' dir='ltr'>non</span> <span class='ocrx_word' id='word_1_24' title='bbox 878 837 998 912; x_wconf 81' lang='lat' dir='ltr'>quidem</span> <span class='ocrx_word' id='word_1_25' title='bbox 1009 837 1142 913; x_wconf 90' lang='lat' dir='ltr'>prodidit</span> <span class='ocrx_word' id='word_1_26' title='bbox 1153 839 1261 913; x_wconf 91' lang='lat' dir='ltr'>quibus</span> 
     </span>
     <span class='ocr_line' id='line_1_5' title="bbox 194 936 1262 1012; baseline 0 -18"><span class='ocrx_word' id='word_1_27' title='bbox 194 938 289 997; x_wconf 92' lang='lat' dir='ltr'>modis</span> <span class='ocrx_word' id='word_1_28' title='bbox 311 941 341 995; x_wconf 90' lang='lat' dir='ltr'>et</span> <span class='ocrx_word' id='word_1_29' title='bbox 362 937 546 1012; x_wconf 80' lang='lat' dir='ltr'>temporibus</span> <span class='ocrx_word' id='word_1_30' title='bbox 568 937 693 994; x_wconf 85' lang='lat' dir='ltr'>Romani</span> <span class='ocrx_word' id='word_1_31' title='bbox 715 936 755 995; x_wconf 91' lang='lat' dir='ltr'>eis</span> <span class='ocrx_word' id='word_1_32' title='bbox 778 936 915 994; x_wconf 89' lang='lat' dir='ltr'>omnibus</span> <span class='ocrx_word' id='word_1_33' title='bbox 938 936 1062 1010; x_wconf 85' lang='lat' dir='ltr'>singulis</span> <span class='ocrx_word' id='word_1_34' title='bbox 1085 936 1176 1011; x_wconf 92' lang='lat' dir='ltr'>potiti</span> <span class='ocrx_word' id='word_1_35' title='bbox 1194 936 1262 1005; x_wconf 91' lang='lat' dir='ltr'>sint,</span> 
     </span>
     <span class='ocr_line' id='line_1_6' title="bbox 194 1033 1262 1094; baseline -0.004 0"><span class='ocrx_word' id='word_1_36' title='bbox 194 1035 245 1094; x_wconf 89' lang='lat' dir='ltr'>sed</span> <span class='ocrx_word' id='word_1_37' title='bbox 276 1036 429 1093; x_wconf 87' lang='lat' dir='ltr'>Metellum</span> <span class='ocrx_word' id='word_1_38' title='bbox 460 1055 553 1093; x_wconf 92' lang='lat' dir='ltr'>unum</span> <span class='ocrx_word' id='word_1_39' title='bbox 584 1035 759 1092; x_wconf 88' lang='lat' dir='ltr'>thesaurum</span> <span class='ocrx_word' id='word_1_40' title='bbox 790 1033 898 1091; x_wconf 86' lang='lat' dir='ltr'>Thalae</span> <span class='ocrx_word' id='word_1_41' title='bbox 924 1033 1082 1091; x_wconf 81' lang='lat' dir='ltr'>Numidiae</span> <span class='ocrx_word' id='word_1_42' title='bbox 1105 1033 1262 1092; x_wconf 86' lang='lat' dir='ltr'>Orientalis</span> 
     </span>
     <span class='ocr_line' id='line_1_7' title="bbox 194 1131 1263 1208; baseline -0.002 -17"><span class='ocrx_word' id='word_1_43' title='bbox 194 1133 305 1208; x_wconf 79' lang='lat' dir='ltr'>cepisse</span> <span class='ocrx_word' id='word_1_44' title='bbox 338 1136 456 1191; x_wconf 88' lang='lat' dir='ltr'>constat</span> <span class='ocrx_word' id='word_1_45' title='bbox 479 1134 511 1206; x_wconf 83' lang='lat'>¹).</span> <span class='ocrx_word' id='word_1_46' title='bbox 566 1132 703 1191; x_wconf 81' lang='lat' dir='ltr'>Ueterum</span> <span class='ocrx_word' id='word_1_47' title='bbox 725 1132 915 1190; x_wconf 76' lang='lat' dir='ltr'>manifestum</span> <span class='ocrx_word' id='word_1_48' title='bbox 937 1135 983 1189; x_wconf 92' lang='lat' dir='ltr'>est</span> <span class='ocrx_word' id='word_1_49' title='bbox 1004 1131 1179 1189; x_wconf 88' lang='lat' dir='ltr'>thesaurum</span> <span class='ocrx_word' id='word_1_50' title='bbox 1202 1151 1263 1189; x_wconf 90' lang='lat' dir='ltr'>cas·</span> 
     </span>
     <span class='ocr_line' id='line_1_8' title="bbox 193 1229 1263 1305; baseline -0.002 -17"><span class='ocrx_word' id='word_1_51' title='bbox 193 1231 256 1289; x_wconf 91' lang='lat' dir='ltr'>telli</span> <span class='ocrx_word' id='word_1_52' title='bbox 285 1231 321 1288; x_wconf 90' lang='lat' dir='ltr'>ad</span> <span class='ocrx_word' id='word_1_53' title='bbox 353 1230 541 1288; x_wconf 76' lang='lat' dir='ltr'>Muluccham</span> <span class='ocrx_word' id='word_1_54' title='bbox 573 1231 682 1288; x_wconf 87' lang='lat' dir='ltr'>flumen</span> <span class='ocrx_word' id='word_1_55' title='bbox 705 1229 754 1288; x_wconf 92' lang='lat' dir='ltr'>siti</span> <span class='ocrx_word' id='word_1_56' title='bbox 776 1237 935 1287; x_wconf 74' lang='lat' dir='ltr'>extrenmm</span> <span class='ocrx_word' id='word_1_57' title='bbox 956 1229 1057 1299; x_wconf 88' lang='lat' dir='ltr'>fuisse,</span> <span class='ocrx_word' id='word_1_58' title='bbox 1080 1229 1132 1305; x_wconf 87' lang='lat' dir='ltr'>qui</span> <span class='ocrx_word' id='word_1_59' title='bbox 1152 1229 1263 1304; x_wconf 85' lang='lat' dir='ltr'>Iugur·</span> 
     </span>
     <span class='ocr_line' id='line_1_9' title="bbox 193 1325 1264 1403; baseline -0.002 -17"><span class='ocrx_word' id='word_1_60' title='bbox 193 1327 262 1386; x_wconf 90' lang='lat' dir='ltr'>thae</span> <span class='ocrx_word' id='word_1_61' title='bbox 299 1330 467 1403; x_wconf 81' lang='lat' dir='ltr'>supererat3</span> <span class='ocrx_word' id='word_1_62' title='bbox 505 1347 594 1402; x_wconf 93' lang='lat' dir='ltr'>quem</span> <span class='ocrx_word' id='word_1_63' title='bbox 635 1330 794 1402; x_wconf 84' lang='lat' dir='ltr'>postquam</span> <span class='ocrx_word' id='word_1_64' title='bbox 831 1326 942 1384; x_wconf 89' lang='lat' dir='ltr'>Marius</span> <span class='ocrx_word' id='word_1_65' title='bbox 975 1326 1002 1384; x_wconf 91' lang='lat' dir='ltr'>ei</span> <span class='ocrx_word' id='word_1_66' title='bbox 1033 1325 1159 1385; x_wconf 88' lang='lat' dir='ltr'>abstulit</span> <span class='ocrx_word' id='word_1_67' title='bbox 1190 1326 1264 1384; x_wconf 91' lang='lat' dir='ltr'>nihil</span> 
     </span>
     <span class='ocr_line' id='line_1_10' title="bbox 194 1424 1264 1502; baseline -0.002 -20"><span class='ocrx_word' id='word_1_68' title='bbox 194 1426 321 1502; x_wconf 87' lang='lat' dir='ltr'>amplius</span> <span class='ocrx_word' id='word_1_69' title='bbox 342 1425 398 1484; x_wconf 91' lang='lat' dir='ltr'>nisi</span> <span class='ocrx_word' id='word_1_70' title='bbox 419 1445 510 1501; x_wconf 81' lang='lat' dir='ltr'>parva</span> <span class='ocrx_word' id='word_1_71' title='bbox 531 1425 665 1500; x_wconf 87' lang='lat' dir='ltr'>pecunia,</span> <span class='ocrx_word' id='word_1_72' title='bbox 688 1441 763 1499; x_wconf 91' lang='lat' dir='ltr'>quae</span> <span class='ocrx_word' id='word_1_73' title='bbox 785 1424 822 1482; x_wconf 89' lang='lat' dir='ltr'>ad</span> <span class='ocrx_word' id='word_1_74' title='bbox 844 1424 1025 1500; x_wconf 87' lang='lat' dir='ltr'>stipendium</span> <span class='ocrx_word' id='word_1_75' title='bbox 1043 1443 1264 1499; x_wconf 85' lang='lat' dir='ltr'>perpaucorum</span> 
     </span>
     <span class='ocr_line' id='line_1_11' title="bbox 193 1521 1263 1598; baseline -0.002 -18"><span class='ocrx_word' id='word_1_76' title='bbox 193 1523 307 1582; x_wconf 86' lang='lat' dir='ltr'>dierum</span> <span class='ocrx_word' id='word_1_77' title='bbox 329 1523 473 1581; x_wconf 86' lang='lat' dir='ltr'>militibus</span> <span class='ocrx_word' id='word_1_78' title='bbox 494 1522 723 1598; x_wconf 90' lang='lat' dir='ltr'>persolvendum</span> <span class='ocrx_word' id='word_1_79' title='bbox 744 1523 870 1581; x_wconf 80' lang='lat' dir='ltr'>fortasse</span> <span class='ocrx_word' id='word_1_80' title='bbox 893 1522 1048 1592; x_wconf 88' lang='lat' dir='ltr'>sufficeret,</span> <span class='ocrx_word' id='word_1_81' title='bbox 1071 1522 1097 1579; x_wconf 94' lang='lat' dir='ltr'>ei</span> <span class='ocrx_word' id='word_1_82' title='bbox 1116 1521 1263 1596; x_wconf 89' lang='lat' dir='ltr'>relinque·</span> 
     </span>
     <span class='ocr_line' id='line_1_12' title="bbox 193 1619 1263 1695; baseline -0.002 -16"><span class='ocrx_word' id='word_1_83' title='bbox 193 1621 282 1679; x_wconf 86' lang='lat' dir='ltr'>batur</span> <span class='ocrx_word' id='word_1_84' title='bbox 311 1621 344 1694; x_wconf 69' lang='grc'>2).</span> <span class='ocrx_word' id='word_1_85' title='bbox 391 1620 464 1679; x_wconf 90' lang='lat' dir='ltr'>Inde</span> <span class='ocrx_word' id='word_1_86' title='bbox 496 1620 679 1695; x_wconf 85' lang='lat' dir='ltr'>intellegitur</span> <span class='ocrx_word' id='word_1_87' title='bbox 710 1619 887 1695; x_wconf 85' lang='lat' dir='ltr'>Iugurtham</span> <span class='ocrx_word' id='word_1_88' title='bbox 919 1638 1021 1694; x_wconf 84' lang='lat' dir='ltr'>pugna</span> <span class='ocrx_word' id='word_1_89' title='bbox 1052 1619 1102 1677; x_wconf 89' lang='lat' dir='ltr'>illa</span> <span class='ocrx_word' id='word_1_90' title='bbox 1134 1619 1263 1678; x_wconf 92' lang='lat' dir='ltr'>duorum</span> 
     </span>
     <span class='ocr_line' id='line_1_13' title="bbox 194 1701 1264 1793; baseline -0.001 -17"><span class='ocrx_word' id='word_1_91' title='bbox 194 1719 307 1778; x_wconf 89' lang='lat' dir='ltr'>dierum</span> <span class='ocrx_word' id='word_1_92' title='bbox 329 1721 459 1777; x_wconf 86' lang='lat' dir='ltr'>extrema</span> <span class='ocrx_word' id='word_1_93' title='bbox 479 1701 684 1793; x_wconf 77' lang='lat' dir='ltr'>periclitaturi</span> <span class='ocrx_word' id='word_1_94' title='bbox 703 1736 774 1787; x_wconf 89' lang='lat' dir='ltr'>esse,</span> <span class='ocrx_word' id='word_1_95' title='bbox 796 1721 832 1776; x_wconf 95' lang='lat' dir='ltr'>ut</span> <span class='ocrx_word' id='word_1_96' title='bbox 853 1717 1264 1793; x_wconf 81' lang='lat' dir='ltr'>bellumvictoriareportata</span> 
     </span>
     <span class='ocr_line' id='line_1_14' title="bbox 196 1815 1263 1890; baseline -0.004 -15"><span class='ocrx_word' id='word_1_97' title='bbox 196 1818 360 1875; x_wconf 83' lang='lat' dir='ltr'>conficeret.</span> <span class='ocrx_word' id='word_1_98' title='bbox 393 1816 518 1873; x_wconf 88' lang='lat' dir='ltr'>Marium</span> <span class='ocrx_word' id='word_1_99' title='bbox 542 1831 636 1889; x_wconf 89' lang='lat' dir='ltr'>neque</span> <span class='ocrx_word' id='word_1_100' title='bbox 658 1816 688 1872; x_wconf 94' lang='lat' dir='ltr'>in</span> <span class='ocrx_word' id='word_1_101' title='bbox 708 1815 813 1874; x_wconf 90' lang='lat' dir='ltr'>itinere</span> <span class='ocrx_word' id='word_1_102' title='bbox 833 1815 1093 1890; x_wconf 89' lang='lat' dir='ltr'>nequeinproelio</span> <span class='ocrx_word' id='word_1_103' title='bbox 1105 1815 1263 1890; x_wconf 84' lang='lat' dir='ltr'>pecuniam</span> 
     </span>
     <span class='ocr_line' id='line_1_15' title="bbox 195 1911 1260 1988; baseline -0.004 -16"><span class='ocrx_word' id='word_1_104' title='bbox 195 1914 326 1973; x_wconf 88' lang='lat' dir='ltr'>thesauri</span> <span class='ocrx_word' id='word_1_105' title='bbox 348 1933 448 1972; x_wconf 88' lang='lat' dir='ltr'>seeum</span> <span class='ocrx_word' id='word_1_106' title='bbox 468 1912 607 1972; x_wconf 90' lang='lat' dir='ltr'>habuisse</span> <span class='ocrx_word' id='word_1_107' title='bbox 628 1913 788 1988; x_wconf 89' lang='lat' dir='ltr'>unicuique</span> <span class='ocrx_word' id='word_1_108' title='bbox 809 1913 895 1970; x_wconf 89' lang='lat' dir='ltr'>facile</span> <span class='ocrx_word' id='word_1_109' title='bbox 916 1912 1108 1988; x_wconf 88' lang='lat' dir='ltr'>perspicuum</span> <span class='ocrx_word' id='word_1_110' title='bbox 1130 1915 1184 1982; x_wconf 86' lang='lat' dir='ltr'>est,</span> <span class='ocrx_word' id='word_1_111' title='bbox 1209 1911 1260 1970; x_wconf 90' lang='lat' dir='ltr'>sed</span> 
     </span>
     <span class='ocr_line' id='line_1_16' title="bbox 194 2010 1261 2086; baseline -0.003 -15"><span class='ocrx_word' id='word_1_112' title='bbox 194 2012 271 2071; x_wconf 91' lang='lat' dir='ltr'>enim</span> <span class='ocrx_word' id='word_1_113' title='bbox 293 2031 357 2070; x_wconf 90' lang='lat' dir='ltr'>eam</span> <span class='ocrx_word' id='word_1_114' title='bbox 371 2012 401 2068; x_wconf 90' lang='lat' dir='ltr'>in</span> <span class='ocrx_word' id='word_1_115' title='bbox 421 2012 542 2070; x_wconf 85' lang='lat' dir='ltr'>castello</span> <span class='ocrx_word' id='word_1_116' title='bbox 562 2031 578 2069; x_wconf 90' lang='lat' dir='ltr'>a</span> <span class='ocrx_word' id='word_1_117' title='bbox 596 2011 730 2070; x_wconf 87' lang='lat' dir='ltr'>Romano</span> <span class='ocrx_word' id='word_1_118' title='bbox 742 2011 889 2086; x_wconf 88' lang='lat' dir='ltr'>praesidio</span> <span class='ocrx_word' id='word_1_119' title='bbox 902 2010 1081 2070; x_wconf 87' lang='lat' dir='ltr'>custoditam</span> <span class='ocrx_word' id='word_1_120' title='bbox 1091 2011 1261 2085; x_wconf 87' lang='lat' dir='ltr'>reliquerat,</span> 
     </span>
     <span class='ocr_line' id='line_1_17' title="bbox 194 2107 1259 2186; baseline -0.003 -19"><span class='ocrx_word' id='word_1_121' title='bbox 194 2129 288 2186; x_wconf 82' lang='lat' dir='ltr'>neque</span> <span class='ocrx_word' id='word_1_122' title='bbox 311 2108 458 2168; x_wconf 84' lang='lat' dir='ltr'>dubitavit</span> <span class='ocrx_word' id='word_1_123' title='bbox 479 2109 550 2184; x_wconf 88' lang='lat' dir='ltr'>quin</span> <span class='ocrx_word' id='word_1_124' title='bbox 571 2108 712 2166; x_wconf 87' lang='lat' dir='ltr'>Numidia</span> <span class='ocrx_word' id='word_1_125' title='bbox 732 2109 884 2184; x_wconf 89' lang='lat' dir='ltr'>potiturus</span> <span class='ocrx_word' id='word_1_126' title='bbox 903 2112 988 2179; x_wconf 85' lang='lat' dir='ltr'>esset,</span> <span class='ocrx_word' id='word_1_127' title='bbox 1012 2107 1173 2166; x_wconf 91' lang='lat' dir='ltr'>dummodo</span> <span class='ocrx_word' id='word_1_128' title='bbox 1197 2108 1259 2166; x_wconf 92' lang='lat' dir='ltr'>the·</span> 
     </span>
     <span class='ocr_line' id='line_1_18' title="bbox 194 2205 1258 2283; baseline -0.006 -16"><span class='ocrx_word' id='word_1_129' title='bbox 194 2209 288 2267; x_wconf 90' lang='lat' dir='ltr'>sauris</span> <span class='ocrx_word' id='word_1_130' title='bbox 310 2208 413 2282; x_wconf 81' lang='lat' dir='ltr'>captia,</span> <span class='ocrx_word' id='word_1_131' title='bbox 435 2207 547 2282; x_wconf 91' lang='lat' dir='ltr'>proelio</span> <span class='ocrx_word' id='word_1_132' title='bbox 565 2207 700 2283; x_wconf 88' lang='lat' dir='ltr'>superior</span> <span class='ocrx_word' id='word_1_133' title='bbox 717 2208 823 2277; x_wconf 87' lang='lat' dir='ltr'>factus,</span> <span class='ocrx_word' id='word_1_134' title='bbox 843 2206 1007 2281; x_wconf 85' lang='lat' dir='ltr'>Iugurthae</span> <span class='ocrx_word' id='word_1_135' title='bbox 1023 2205 1135 2264; x_wconf 89' lang='lat' dir='ltr'>viribus</span> <span class='ocrx_word' id='word_1_136' title='bbox 1147 2205 1258 2274; x_wconf 80' lang='lat' dir='ltr'>fractis,</span> 
     </span>
     <span class='ocr_line' id='line_1_19' title="bbox 192 2304 1258 2380; baseline -0.002 -18"><span class='ocrx_word' id='word_1_137' title='bbox 192 2307 254 2380; x_wconf 93' lang='lat' dir='ltr'>ipse</span> <span class='ocrx_word' id='word_1_138' title='bbox 277 2305 375 2364; x_wconf 88' lang='lat' dir='ltr'>salvus</span> <span class='ocrx_word' id='word_1_139' title='bbox 398 2305 509 2364; x_wconf 76' lang='lat' dir='ltr'>Cirtam</span> <span class='ocrx_word' id='word_1_140' title='bbox 531 2310 560 2363; x_wconf 92' lang='lat' dir='ltr'>et</span> <span class='ocrx_word' id='word_1_141' title='bbox 581 2305 611 2362; x_wconf 90' lang='lat' dir='ltr'>in</span> <span class='ocrx_word' id='word_1_142' title='bbox 631 2305 753 2363; x_wconf 89' lang='lat' dir='ltr'>hiberna</span> <span class='ocrx_word' id='word_1_143' title='bbox 774 2305 965 2380; x_wconf 89' lang='lat' dir='ltr'>pervenisset,</span> <span class='ocrx_word' id='word_1_144' title='bbox 989 2323 1128 2379; x_wconf 89' lang='lat' dir='ltr'>quaeres</span> <span class='ocrx_word' id='word_1_145' title='bbox 1147 2304 1173 2361; x_wconf 92' lang='lat' dir='ltr'>ei</span> <span class='ocrx_word' id='word_1_146' title='bbox 1193 2323 1258 2361; x_wconf 91' lang='lat' dir='ltr'>con·</span> 
     </span>
     <span class='ocr_line' id='line_1_20' title="bbox 192 2401 1259 2479; baseline -0.003 -18"><span class='ocrx_word' id='word_1_147' title='bbox 192 2404 271 2479; x_wconf 86' lang='lat' dir='ltr'>tigit.</span> <span class='ocrx_word' id='word_1_148' title='bbox 313 2403 396 2461; x_wconf 87' lang='lat' dir='ltr'>Idem</span> <span class='ocrx_word' id='word_1_149' title='bbox 416 2403 604 2478; x_wconf 89' lang='lat' dir='ltr'>propositum</span> <span class='ocrx_word' id='word_1_150' title='bbox 626 2407 816 2461; x_wconf 84' lang='lat' dir='ltr'>assecuturus</span> <span class='ocrx_word' id='word_1_151' title='bbox 834 2402 948 2472; x_wconf 88' lang='lat' dir='ltr'>suisset,</span> <span class='ocrx_word' id='word_1_152' title='bbox 961 2402 1084 2471; x_wconf 88' lang='lat' dir='ltr'>etiamsi,</span> <span class='ocrx_word' id='word_1_153' title='bbox 1098 2401 1259 2459; x_wconf 91' lang='lat' dir='ltr'>dummodo</span> 
     </span>
     <span class='ocr_line' id='line_1_21' title="bbox 194 2499 1259 2576; baseline -0.005 -16"><span class='ocrx_word' id='word_1_154' title='bbox 194 2501 305 2560; x_wconf 80' lang='lat' dir='ltr'>Cirtam</span> <span class='ocrx_word' id='word_1_155' title='bbox 336 2501 512 2576; x_wconf 89' lang='lat' dir='ltr'>perveniret,</span> <span class='ocrx_word' id='word_1_156' title='bbox 544 2501 657 2560; x_wconf 88' lang='lat' dir='ltr'>minore</span> <span class='ocrx_word' id='word_1_157' title='bbox 689 2519 828 2560; x_wconf 90' lang='lat' dir='ltr'>successu</span> <span class='ocrx_word' id='word_1_158' title='bbox 859 2504 1026 2576; x_wconf 77' lang='lat' dir='ltr'>pugnaturn</span> <span class='ocrx_word' id='word_1_159' title='bbox 1047 2499 1168 2570; x_wconf 89' lang='lat' dir='ltr'>fuisset;</span> <span class='ocrx_word' id='word_1_160' title='bbox 1191 2517 1259 2556; x_wconf 89' lang='lat' dir='ltr'>nam</span> 
     </span>
     <span class='ocr_line' id='line_1_22' title="bbox 196 2596 1259 2674; baseline -0.004 -17"><span class='ocrx_word' id='word_1_161' title='bbox 196 2618 313 2659; x_wconf 89' lang='lat' dir='ltr'>necesse</span> <span class='ocrx_word' id='word_1_162' title='bbox 345 2603 408 2657; x_wconf 91' lang='lat' dir='ltr'>erat</span> <span class='ocrx_word' id='word_1_163' title='bbox 438 2599 501 2657; x_wconf 88' lang='lat' dir='ltr'>fore</span> <span class='ocrx_word' id='word_1_164' title='bbox 532 2603 568 2657; x_wconf 89' lang='lat' dir='ltr'>ut</span> <span class='ocrx_word' id='word_1_165' title='bbox 598 2599 676 2657; x_wconf 88' lang='lat' dir='ltr'>intra</span> <span class='ocrx_word' id='word_1_166' title='bbox 706 2617 818 2674; x_wconf 85' lang='lat' dir='ltr'>paucos</span> <span class='ocrx_word' id='word_1_167' title='bbox 850 2598 912 2656; x_wconf 89' lang='lat' dir='ltr'>dies</span> <span class='ocrx_word' id='word_1_168' title='bbox 944 2598 1052 2656; x_wconf 88' lang='lat' dir='ltr'>milites</span> <span class='ocrx_word' id='word_1_169' title='bbox 1080 2596 1259 2671; x_wconf 87' lang='lat' dir='ltr'>Iugurtham</span> 
     </span>
     <span class='ocr_line' id='line_1_23' title="bbox 194 2694 1258 2772; baseline -0.005 -17"><span class='ocrx_word' id='word_1_170' title='bbox 194 2697 320 2772; x_wconf 88' lang='lat' dir='ltr'>pecunia</span> <span class='ocrx_word' id='word_1_171' title='bbox 341 2696 447 2756; x_wconf 92' lang='lat' dir='ltr'>orbum</span> <span class='ocrx_word' id='word_1_172' title='bbox 468 2696 664 2755; x_wconf 90' lang='lat' dir='ltr'>destituerent</span> <span class='ocrx_word' id='word_1_173' title='bbox 685 2700 714 2755; x_wconf 93' lang='lat' dir='ltr'>et</span> <span class='ocrx_word' id='word_1_174' title='bbox 735 2696 876 2754; x_wconf 89' lang='lat' dir='ltr'>inermem</span> <span class='ocrx_word' id='word_1_175' title='bbox 897 2695 1105 2771; x_wconf 77' lang='lat' dir='ltr'>relinquerent,</span> <span class='ocrx_word' id='word_1_176' title='bbox 1147 2694 1258 2751; x_wconf 88' lang='lat' dir='ltr'>Marius</span> 
     </span>
     <span class='ocr_line' id='line_1_24' title="bbox 196 2793 1260 2869; baseline -0.003 -16"><span class='ocrx_word' id='word_1_177' title='bbox 196 2799 295 2853; x_wconf 89' lang='lat' dir='ltr'>autem</span> <span class='ocrx_word' id='word_1_178' title='bbox 327 2813 395 2852; x_wconf 90' lang='lat' dir='ltr'>eum</span> <span class='ocrx_word' id='word_1_179' title='bbox 427 2794 544 2853; x_wconf 93' lang='lat' dir='ltr'>duobus</span> <span class='ocrx_word' id='word_1_180' title='bbox 575 2794 695 2869; x_wconf 89' lang='lat' dir='ltr'>proehis</span> <span class='ocrx_word' id='word_1_181' title='bbox 727 2794 806 2853; x_wconf 87' lang='lat' dir='ltr'>vicit.</span> <span class='ocrx_word' id='word_1_182' title='bbox 849 2793 896 2852; x_wconf 90' lang='lat' dir='ltr'>lta</span> <span class='ocrx_word' id='word_1_183' title='bbox 927 2793 1038 2852; x_wconf 86' lang='lat' dir='ltr'>Marius</span> <span class='ocrx_word' id='word_1_184' title='bbox 1069 2793 1204 2867; x_wconf 89' lang='lat' dir='ltr'>profecto</span> <span class='ocrx_word' id='word_1_185' title='bbox 1227 2812 1260 2851; x_wconf 89' lang='lat' dir='ltr'>ea</span> 
     </span>
     <span class='ocr_line' id='line_1_25' title="bbox 197 2891 1261 2968; baseline -0.003 -18"><span class='ocrx_word' id='word_1_186' title='bbox 197 2892 391 2968; x_wconf 83' lang='lat' dir='ltr'>expeditione,</span> <span class='ocrx_word' id='word_1_187' title='bbox 423 2893 563 2951; x_wconf 89' lang='lat' dir='ltr'>thesauro</span> <span class='ocrx_word' id='word_1_188' title='bbox 594 2892 646 2967; x_wconf 92' lang='lat' dir='ltr'>qui</span> <span class='ocrx_word' id='word_1_189' title='bbox 668 2892 748 2951; x_wconf 92' lang='lat' dir='ltr'>solus</span> <span class='ocrx_word' id='word_1_190' title='bbox 771 2895 925 2968; x_wconf 88' lang='lat' dir='ltr'>supererat</span> <span class='ocrx_word' id='word_1_191' title='bbox 945 2891 1093 2967; x_wconf 85' lang='lat' dir='ltr'>adempto,</span> <span class='ocrx_word' id='word_1_192' title='bbox 1116 2894 1261 2949; x_wconf 85' lang='lat' dir='ltr'>extremas</span> 
     </span>
     <span class='ocr_line' id='line_1_26' title="bbox 197 2989 1262 3067; baseline -0.004 -18"><span class='ocrx_word' id='word_1_193' title='bbox 197 3010 268 3067; x_wconf 89' lang='lat' dir='ltr'>opes</span> <span class='ocrx_word' id='word_1_194' title='bbox 300 2989 463 3065; x_wconf 82' lang='lat' dir='ltr'>iugurthae</span> <span class='ocrx_word' id='word_1_195' title='bbox 495 2991 678 3061; x_wconf 86' lang='lat' dir='ltr'>comminuit,</span> <span class='ocrx_word' id='word_1_196' title='bbox 707 2991 758 3048; x_wconf 89' lang='lat' dir='ltr'>sed</span> <span class='ocrx_word' id='word_1_197' title='bbox 786 2990 859 3049; x_wconf 92' lang='lat' dir='ltr'>Ihne</span> <span class='ocrx_word' id='word_1_198' title='bbox 880 2991 954 3049; x_wconf 72' lang='lat' dir='ltr'>uel.</span> <span class='ocrx_word' id='word_1_199' title='bbox 979 3008 1046 3047; x_wconf 89' lang='lat' dir='ltr'>cum</span> <span class='ocrx_word' id='word_1_200' title='bbox 1067 2989 1097 3046; x_wconf 94' lang='lat' dir='ltr'>id</span> <span class='ocrx_word' id='word_1_201' title='bbox 1118 3008 1177 3047; x_wconf 89' lang='lat' dir='ltr'>non</span> <span class='ocrx_word' id='word_1_202' title='bbox 1198 3008 1262 3064; x_wconf 90' lang='lat' dir='ltr'>per·</span> 
     </span>
     <span class='ocr_line' id='line_1_27' title="bbox 196 3088 767 3164; baseline -0.002 -17"><span class='ocrx_word' id='word_1_203' title='bbox 196 3089 332 3164; x_wconf 87' lang='lat' dir='ltr'>spiceret,</span> <span class='ocrx_word' id='word_1_204' title='bbox 354 3088 389 3146; x_wconf 90' lang='lat' dir='ltr'>de</span> <span class='ocrx_word' id='word_1_205' title='bbox 412 3108 446 3146; x_wconf 88' lang='lat' dir='ltr'>ea</span> <span class='ocrx_word' id='word_1_206' title='bbox 466 3107 497 3146; x_wconf 90' lang='lat' dir='ltr'>re</span> <span class='ocrx_word' id='word_1_207' title='bbox 519 3089 594 3146; x_wconf 85' lang='lat' dir='ltr'>male</span> <span class='ocrx_word' id='word_1_208' title='bbox 616 3088 767 3147; x_wconf 85' lang='lat' dir='ltr'>iudicavit.</span> 
     </span>
    </p>

    <p class='ocr_par' dir='ltr' id='par_1_3' title="bbox 195 3183 1263 3948">
     <span class='ocr_line' id='line_1_28' title="bbox 196 3183 1262 3260; baseline -0.001 -17"><span class='ocrx_word' id='word_1_209' title='bbox 196 3184 227 3244; x_wconf 80' lang='lat'>2.</span> <span class='ocrx_word' id='word_1_210' title='bbox 273 3185 312 3244; x_wconf 90' lang='lat' dir='ltr'>Ut</span> <span class='ocrx_word' id='word_1_211' title='bbox 343 3206 433 3260; x_wconf 86' lang='lat' dir='ltr'>supra</span> <span class='ocrx_word' id='word_1_212' title='bbox 465 3186 577 3245; x_wconf 90' lang='lat' dir='ltr'>dictum</span> <span class='ocrx_word' id='word_1_213' title='bbox 610 3190 664 3256; x_wconf 89' lang='lat' dir='ltr'>est,</span> <span class='ocrx_word' id='word_1_214' title='bbox 696 3186 807 3245; x_wconf 87' lang='lat' dir='ltr'>Marias</span> <span class='ocrx_word' id='word_1_215' title='bbox 839 3187 961 3245; x_wconf 86' lang='lat' dir='ltr'>hiberna</span> <span class='ocrx_word' id='word_1_216' title='bbox 991 3206 1049 3245; x_wconf 89' lang='lat' dir='ltr'>non</span> <span class='ocrx_word' id='word_1_217' title='bbox 1082 3185 1178 3244; x_wconf 78' lang='lat' dir='ltr'>Cirtae</span> <span class='ocrx_word' id='word_1_218' title='bbox 1211 3183 1262 3243; x_wconf 89' lang='lat' dir='ltr'>sed</span> 
     </span>
     <span class='ocr_line' id='line_1_29' title="bbox 197 3283 1262 3358; baseline -0.002 -16"><span class='ocrx_word' id='word_1_219' title='bbox 197 3284 301 3343; x_wconf 88' lang='lat' dir='ltr'>Uticae</span> <span class='ocrx_word' id='word_1_220' title='bbox 324 3284 522 3343; x_wconf 86' lang='lat' dir='ltr'>collocaturus</span> <span class='ocrx_word' id='word_1_221' title='bbox 544 3287 615 3356; x_wconf 85' lang='lat' dir='ltr'>erat,</span> <span class='ocrx_word' id='word_1_222' title='bbox 637 3288 673 3343; x_wconf 91' lang='lat' dir='ltr'>ut</span> <span class='ocrx_word' id='word_1_223' title='bbox 693 3303 752 3343; x_wconf 89' lang='lat' dir='ltr'>non</span> <span class='ocrx_word' id='word_1_224' title='bbox 774 3285 871 3344; x_wconf 90' lang='lat' dir='ltr'>solum</span> <span class='ocrx_word' id='word_1_225' title='bbox 889 3304 923 3343; x_wconf 83' lang='lat' dir='ltr'>ex</span> <span class='ocrx_word' id='word_1_226' title='bbox 941 3283 1262 3358; x_wconf 84' lang='lat' dir='ltr'>eointellegiturquod</span> 
     </span>
     <span class='ocr_line' id='line_1_30' title="bbox 198 3381 1261 3457; baseline -0.002 -16"><span class='ocrx_word' id='word_1_227' title='bbox 198 3383 355 3441; x_wconf 85' lang='lat' dir='ltr'>Sallustius</span> <span class='ocrx_word' id='word_1_228' title='bbox 388 3381 417 3439; x_wconf 89' lang='lat' dir='ltr'>id</span> <span class='ocrx_word' id='word_1_229' title='bbox 448 3383 506 3440; x_wconf 87' lang='lat' dir='ltr'>iarn</span> <span class='ocrx_word' id='word_1_230' title='bbox 538 3387 624 3440; x_wconf 88' lang='lat' dir='ltr'>antea</span> <span class='ocrx_word' id='word_1_231' title='bbox 646 3382 720 3441; x_wconf 87' lang='lat' dir='ltr'>dixit</span> <span class='ocrx_word' id='word_1_232' title='bbox 740 3382 774 3457; x_wconf 80' lang='lat'>³),</span> <span class='ocrx_word' id='word_1_233' title='bbox 797 3383 848 3441; x_wconf 90' lang='lat' dir='ltr'>sed</span> <span class='ocrx_word' id='word_1_234' title='bbox 869 3383 935 3441; x_wconf 89' lang='lat' dir='ltr'>inde</span> <span class='ocrx_word' id='word_1_235' title='bbox 958 3383 1046 3441; x_wconf 87' lang='lat' dir='ltr'>etiam</span> <span class='ocrx_word' id='word_1_236' title='bbox 1068 3382 1148 3457; x_wconf 90' lang='lat' dir='ltr'>quod</span> <span class='ocrx_word' id='word_1_237' title='bbox 1170 3381 1261 3452; x_wconf 88' lang='lat' dir='ltr'>Sulla,</span> 
     </span>
     <span class='ocr_line' id='line_1_31' title="bbox 198 3480 1262 3556; baseline -0.002 -17"><span class='ocrx_word' id='word_1_238' title='bbox 198 3481 249 3556; x_wconf 90' lang='lat' dir='ltr'>qui</span> <span class='ocrx_word' id='word_1_239' title='bbox 269 3480 399 3538; x_wconf 89' lang='lat' dir='ltr'>hibernis</span> <span class='ocrx_word' id='word_1_240' title='bbox 421 3480 559 3555; x_wconf 79' lang='lat' dir='ltr'>praefuit,</span> <span class='ocrx_word' id='word_1_241' title='bbox 583 3481 638 3538; x_wconf 92' lang='lat' dir='ltr'>hac</span> <span class='ocrx_word' id='word_1_242' title='bbox 659 3481 755 3539; x_wconf 90' lang='lat' dir='ltr'>hieme</span> <span class='ocrx_word' id='word_1_243' title='bbox 776 3480 881 3540; x_wconf 90' lang='lat' dir='ltr'>Uticae</span> <span class='ocrx_word' id='word_1_244' title='bbox 898 3484 1090 3539; x_wconf 89' lang='lat' dir='ltr'>versatusest</span> <span class='ocrx_word' id='word_1_245' title='bbox 1113 3480 1133 3553; x_wconf 70' lang='lat' dir='ltr'>l.</span> <span class='ocrx_word' id='word_1_246' title='bbox 1156 3480 1262 3555; x_wconf 85' lang='lat' dir='ltr'>Itaque</span> 
     </span>
     <span class='ocr_line' id='line_1_32' title="bbox 195 3577 1261 3654; baseline -0.002 -18"><span class='ocrx_word' id='word_1_247' title='bbox 195 3579 350 3649; x_wconf 75' lang='lat' dir='ltr'>exercitus</span> <span class='ocrx_word' id='word_1_248' title='bbox 372 3583 532 3654; x_wconf 88' lang='lat' dir='ltr'>postquam</span> <span class='ocrx_word' id='word_1_249' title='bbox 554 3578 665 3636; x_wconf 87' lang='lat' dir='ltr'>Marius</span> <span class='ocrx_word' id='word_1_250' title='bbox 688 3598 755 3636; x_wconf 90' lang='lat' dir='ltr'>cum</span> <span class='ocrx_word' id='word_1_251' title='bbox 777 3598 811 3637; x_wconf 93' lang='lat' dir='ltr'>eo</span> <span class='ocrx_word' id='word_1_252' title='bbox 829 3579 942 3638; x_wconf 86' lang='lat' dir='ltr'>victore</span> <span class='ocrx_word' id='word_1_253' title='bbox 960 3578 1071 3637; x_wconf 79' lang='lat' dir='ltr'>Cirtam</span> <span class='ocrx_word' id='word_1_254' title='bbox 1081 3577 1216 3653; x_wconf 79' lang='lat' dir='ltr'>pervenit</span> <span class='ocrx_word' id='word_1_255' title='bbox 1228 3577 1261 3650; x_wconf 68' lang='grc' dir='ltr'>ὑ),</span> 
     </span>
     <span class='ocr_line' id='line_1_33' title="bbox 198 3674 1262 3750; baseline -0.004 -16"><span class='ocrx_word' id='word_1_256' title='bbox 198 3676 316 3734; x_wconf 87' lang='lat' dir='ltr'>Uticam</span> <span class='ocrx_word' id='word_1_257' title='bbox 328 3675 517 3734; x_wconf 85' lang='lat' dir='ltr'>deducendus</span> <span class='ocrx_word' id='word_1_258' title='bbox 535 3680 606 3746; x_wconf 89' lang='lat' dir='ltr'>erat,</span> <span class='ocrx_word' id='word_1_259' title='bbox 624 3676 703 3750; x_wconf 94' lang='lat' dir='ltr'>quod</span> <span class='ocrx_word' id='word_1_260' title='bbox 721 3676 809 3733; x_wconf 91' lang='lat' dir='ltr'>etiam</span> <span class='ocrx_word' id='word_1_261' title='bbox 827 3675 984 3734; x_wconf 85' lang='lat' dir='ltr'>Sallustius</span> <span class='ocrx_word' id='word_1_262' title='bbox 1001 3676 1046 3734; x_wconf 92' lang='lat' dir='ltr'>his</span> <span class='ocrx_word' id='word_1_263' title='bbox 1062 3675 1158 3733; x_wconf 86' lang='lat' dir='ltr'>verbis</span> <span class='ocrx_word' id='word_1_264' title='bbox 1174 3674 1262 3748; x_wconf 81' lang='lat' dir='ltr'>signi-</span> 
     </span>
     <span class='ocr_line' id='line_1_34' title="bbox 197 3773 1261 3850; baseline 0 -19"><span class='ocrx_word' id='word_1_265' title='bbox 197 3775 297 3833; x_wconf 85' lang='lat' dir='ltr'>ficavit</span> <span class='ocrx_word' id='word_1_266' title='bbox 318 3774 361 3848; x_wconf 70' lang='grc'>6);</span> <span class='ocrx_word' id='word_1_267' title='bbox 387 3773 534 3844; x_wconf 84' lang='lat' dir='ltr'>,exercitu</span> <span class='ocrx_word' id='word_1_268' title='bbox 555 3774 582 3830; x_wconf 87' lang='lat' dir='ltr'>in</span> <span class='ocrx_word' id='word_1_269' title='bbox 605 3773 802 3832; x_wconf 91' lang='lat' dir='ltr'>hibernaculis</span> <span class='ocrx_word' id='word_1_270' title='bbox 824 3774 1018 3850; x_wconf 83' lang='lat' dir='ltr'>composito&#39;&#39;.</span> <span class='ocrx_word' id='word_1_271' title='bbox 1050 3773 1166 3832; x_wconf 89' lang='lat' dir='ltr'>lnterea</span> <span class='ocrx_word' id='word_1_272' title='bbox 1188 3773 1261 3831; x_wconf 89' lang='lat' dir='ltr'>Boc-</span> 
     </span>
     <span class='ocr_line' id='line_1_35' title="bbox 198 3871 1263 3948; baseline -0.001 -19"><span class='ocrx_word' id='word_1_273' title='bbox 198 3873 270 3930; x_wconf 90' lang='lat' dir='ltr'>chus</span> <span class='ocrx_word' id='word_1_274' title='bbox 293 3891 358 3930; x_wconf 91' lang='lat' dir='ltr'>cum</span> <span class='ocrx_word' id='word_1_275' title='bbox 382 3872 441 3943; x_wconf 92' lang='lat' dir='ltr'>illo,</span> <span class='ocrx_word' id='word_1_276' title='bbox 463 3871 515 3929; x_wconf 90' lang='lat' dir='ltr'>ubi</span> <span class='ocrx_word' id='word_1_277' title='bbox 536 3871 664 3946; x_wconf 90' lang='lat' dir='ltr'>primum</span> <span class='ocrx_word' id='word_1_278' title='bbox 691 3871 803 3930; x_wconf 86' lang='lat' dir='ltr'>Uirtam</span> <span class='ocrx_word' id='word_1_279' title='bbox 825 3874 968 3947; x_wconf 86' lang='lat' dir='ltr'>pervenit,</span> <span class='ocrx_word' id='word_1_280' title='bbox 994 3873 1029 3930; x_wconf 92' lang='lat' dir='ltr'>de</span> <span class='ocrx_word' id='word_1_281' title='bbox 1046 3891 1119 3948; x_wconf 87' lang='lat' dir='ltr'>pace</span> <span class='ocrx_word' id='word_1_282' title='bbox 1130 3872 1263 3930; x_wconf 86' lang='lat' dir='ltr'>facienda</span> 
     </span>
    </p>
   </div>
   <div class='ocr_carea' id='block_1_3' title="bbox 197 4059 409 4066">
    <p class='ocr_par' dir='ltr' id='par_1_4' title="bbox 197 4059 409 4066">
     <span class='ocr_line' id='line_1_36' title="bbox 197 4059 409 4066; baseline 0 0"><span class='ocrx_word' id='word_1_283' title='bbox 197 4059 409 4066; x_wconf 48' lang='grc'>*-</span> 
     </span>
    </p>
   </div>
   <div class='ocr_carea' id='block_1_4' title="bbox 197 4162 1262 4398">
    <p class='ocr_par' dir='ltr' id='par_1_5' title="bbox 197 4162 1262 4398">
     <span class='ocr_line' id='line_1_37' title="bbox 233 4162 1261 4231; baseline 0.001 -15"><span class='ocrx_word' id='word_1_284' title='bbox 233 4163 251 4224; x_wconf 89' lang='grc'>1)</span> <span class='ocrx_word' id='word_1_285' title='bbox 269 4171 308 4227; x_wconf 80' lang='grc'>75,</span> <span class='ocrx_word' id='word_1_286' title='bbox 328 4171 350 4218; x_wconf 93' lang='grc'>1.</span> <span class='ocrx_word' id='word_1_287' title='bbox 370 4195 400 4204; x_wconf 77' lang='lat'>—</span> <span class='ocrx_word' id='word_1_288' title='bbox 421 4162 497 4227; x_wconf 70' lang='lat'>⁹197,</span> <span class='ocrx_word' id='word_1_289' title='bbox 517 4172 547 4217; x_wconf 86' lang='lat'>1:</span> <span class='ocrx_word' id='word_1_290' title='bbox 568 4171 706 4230; x_wconf 83' lang='lat' dir='ltr'>„Iugurtha</span> <span class='ocrx_word' id='word_1_291' title='bbox 723 4174 860 4231; x_wconf 87' lang='lat' dir='ltr'>postquam</span> <span class='ocrx_word' id='word_1_292' title='bbox 879 4172 1000 4231; x_wconf 89' lang='lat' dir='ltr'>oppidum</span> <span class='ocrx_word' id='word_1_293' title='bbox 1021 4172 1127 4231; x_wconf 77' lang='lat' dir='ltr'>(lapsam</span> <span class='ocrx_word' id='word_1_294' title='bbox 1146 4172 1261 4231; x_wconf 87' lang='lat' dir='ltr'>aliosque</span> 
     </span>
     <span class='ocr_line' id='line_1_38' title="bbox 197 4248 1262 4315; baseline 0.003 -15"><span class='ocrx_word' id='word_1_295' title='bbox 197 4255 283 4311; x_wconf 84' lang='lat' dir='ltr'>„locos</span> <span class='ocrx_word' id='word_1_296' title='bbox 301 4255 414 4301; x_wconf 85' lang='lat' dir='ltr'>munitos</span> <span class='ocrx_word' id='word_1_297' title='bbox 432 4258 457 4302; x_wconf 90' lang='lat' dir='ltr'>et</span> <span class='ocrx_word' id='word_1_298' title='bbox 475 4256 524 4301; x_wconf 84' lang='lat' dir='ltr'>sibi</span> <span class='ocrx_word' id='word_1_299' title='bbox 543 4256 614 4302; x_wconf 87' lang='lat' dir='ltr'>utilis</span> <span class='ocrx_word' id='word_1_300' title='bbox 633 4259 659 4301; x_wconf 87' lang='lat' dir='ltr'>et</span> <span class='ocrx_word' id='word_1_301' title='bbox 675 4270 790 4315; x_wconf 87' lang='lat' dir='ltr'>magnam</span> <span class='ocrx_word' id='word_1_302' title='bbox 808 4257 942 4315; x_wconf 89' lang='lat' dir='ltr'>pecuniam</span> <span class='ocrx_word' id='word_1_303' title='bbox 960 4256 1104 4303; x_wconf 86' lang='lat' dir='ltr'>amiserat&#39;&#39;.</span> <span class='ocrx_word' id='word_1_304' title='bbox 1125 4282 1155 4290; x_wconf 95' lang='lat'><em>-</em></span> <span class='ocrx_word' id='word_1_305' title='bbox 1175 4248 1262 4315; x_wconf 76' lang='lat' dir='ltr'>³l100,</span> 
     </span>
     <span class='ocr_line' id='line_1_39' title="bbox 198 4331 837 4398; baseline 0.003 -13"><span class='ocrx_word' id='word_1_306' title='bbox 198 4341 219 4385; x_wconf 90' lang='lat'>1.</span> <span class='ocrx_word' id='word_1_307' title='bbox 239 4365 269 4372; x_wconf 89' lang='lat'><em>-</em></span> <span class='ocrx_word' id='word_1_308' title='bbox 289 4331 308 4393; x_wconf 73' lang='lat' dir='ltr'>‘J</span> <span class='ocrx_word' id='word_1_309' title='bbox 328 4341 383 4397; x_wconf 84' lang='lat'>104,</span> <span class='ocrx_word' id='word_1_310' title='bbox 403 4341 425 4387; x_wconf 91' lang='lat'>1.</span> <span class='ocrx_word' id='word_1_311' title='bbox 445 4365 475 4373; x_wconf 86' lang='lat'>-</span> <span class='ocrx_word' id='word_1_312' title='bbox 496 4331 514 4394; x_wconf 81' lang='lat'>⁶)</span> <span class='ocrx_word' id='word_1_313' title='bbox 534 4340 589 4397; x_wconf 84' lang='lat'>102,</span> <span class='ocrx_word' id='word_1_314' title='bbox 609 4341 630 4386; x_wconf 93' lang='lat'>1.</span> <span class='ocrx_word' id='word_1_315' title='bbox 651 4364 681 4374; x_wconf 94' lang='grc'>-</span> <span class='ocrx_word' id='word_1_316' title='bbox 701 4331 719 4394; x_wconf 80' lang='lat'>⁶)</span> <span class='ocrx_word' id='word_1_317' title='bbox 740 4342 795 4398; x_wconf 81' lang='lat'>103,</span> <span class='ocrx_word' id='word_1_318' title='bbox 816 4343 837 4387; x_wconf 95' lang='lat'>1.</span> 
     </span>
    </p>
   </div>
   <div class='ocr_carea' id='block_1_5' title="bbox 0 0 1467 5062">
    <p class='ocr_par' dir='ltr' id='par_1_6' title="bbox 0 0 1467 5062">
     <span class='ocr_line' id='line_1_40' title="bbox 0 0 1467 5062; baseline 0 0"><span class='ocrx_word' id='word_1_319' title='bbox 0 0 1467 5062; x_wconf 95' lang='lat' dir='ltr'> </span> 
     </span>
    </p>
   </div>
  </div>
 </body>
</html>
