2916 5062
708 473 744 531 75

202 633 276 692 Sulla
298 653 340 706 ea,
363 653 439 709 quae
460 653 562 692 revera
580 633 658 691 facta
680 636 759 703 suut,
782 632 854 691 satis
876 636 1012 692 accurate
1033 633 1191 691 memoriae
1205 634 1261 691 tra-

202 730 328 802 didisset,
361 730 434 789 bene
466 731 577 789 factum
600 733 645 789 est
667 730 747 806 quod
769 750 803 788 ex
825 730 929 790 Orosio
951 732 1023 790 baec
1045 732 1157 789 efficere
1178 730 1262 790 nobis

201 827 272 899 licet,
304 829 454 888 Romanos
485 848 543 887 non
577 829 667 886 semel
697 828 747 886 sed
775 827 829 898 bis,
853 829 969 888 duobus
991 829 1127 904 deinceps
1150 828 1262 899 diebus,

201 928 284 984 talem
307 926 491 1003 eruptionem
514 926 706 1002 periclitatos
729 926 826 1001 priore
848 926 894 985 die
912 929 1068 1002 propulsos
1086 947 1158 997 esse,
1171 927 1263 985 altero

154 1084 157 1088 ,
201 1025 297 1082 multis
320 1024 471 1083 laboribus
493 1024 691 1100 periculisque
714 1023 881 1095 exhaustos
903 1025 1080 1101 perrupisse.
1103 1023 1150 1082 Ad
1162 1028 1263 1083 utrum

201 1121 273 1180 diem
295 1122 394 1181 Sullae
416 1122 555 1192 narratio,
578 1122 732 1197 impetum,
756 1142 844 1197 quem
867 1123 994 1182 Romani
1014 1124 1062 1182 vel
1082 1122 1182 1198 potius
1200 1123 1263 1196 ipse

200 1238 261 1278 cum
286 1219 437 1296 equitibus
460 1220 521 1279 suis
542 1220 622 1288 fecit,
644 1217 840 1295 improvisum
862 1220 946 1280 initio
964 1219 1101 1279 hostibus
1113 1219 1263 1289 accidisse,

196 1318 348 1376 referenda
380 1319 427 1389 sit,
459 1337 518 1377 non
549 1318 651 1394 liquet.
695 1318 889 1393 Quocumque
921 1319 1009 1378 modo
1037 1338 1083 1377 res
1113 1317 1262 1388 sehabet,

195 1416 314 1491 eruptio
347 1415 397 1473 illa
424 1417 576 1492 praeclara
596 1416 737 1474 Romanis
758 1435 816 1474 non
838 1417 966 1475 multum
988 1416 1110 1492 profuit.
1151 1415 1264 1474 Eodem

195 1513 295 1584 modo,
329 1513 409 1589 quod
441 1513 599 1572 Sallustius
621 1513 650 1570 in
671 1514 728 1571 fine
749 1513 856 1589 prioris
876 1533 1004 1590 pugnae,
1026 1533 1101 1589 quae
1123 1513 1264 1573 Romanis

193 1611 317 1670 minime
339 1612 467 1670 secunda
488 1612 554 1682 fuit,
578 1611 695 1670 scribit:
734 1612 849 1687 ,plures
872 1631 906 1670 eo
927 1612 1039 1687 proelio
1061 1632 1151 1688 quam
1172 1611 1263 1670 omni-

196 1709 272 1780 „bus
305 1708 507 1785 superioribus
540 1708 699 1784 adempti’,
733 1712 778 1766 est
808 1709 955 1767 rhetorica
984 1709 1183 1784 amplificatio
1213 1709 1264 1768 sed

194 1824 266 1864 cum
297 1806 481 1881 reputaveris
512 1825 650 1864 numeros
681 1806 813 1864 hostiurn
834 1806 982 1882 plerisque
1004 1807 1132 1882 proeliis,
1155 1805 1263 1881 quibus

192 1902 324 1962 Romani
356 1904 393 1961 ad
424 1904 454 1961 id
485 1908 604 1980 tempus
636 1903 781 1962 Numidas
813 1904 956 1975 vicerunt,
986 1905 1150 1964 occisomm
1172 1905 1263 1978 vulgo

192 2002 391 2077 perexiguum
423 2001 514 2060 fuisse
546 2006 575 2060 et
606 2002 734 2061 minores
766 2020 904 2061 numeros
937 2021 1026 2078 quam
1061 2003 1263 2062 Romanorum

194 2099 372 2170 occisorum,
402 2119 436 2157 ea
462 2100 652 2175 amplificatio
674 2119 704 2159 re
727 2119 795 2158 vera
816 2118 874 2158 non
896 2103 958 2158 tam
979 2119 1087 2174 magna
1108 2103 1153 2159 est
1174 2119 1263 2176 quam

193 2197 294 2272 primo
325 2197 435 2256 obtutu
466 2217 529 2256 esse
557 2197 693 2256 videatur
716 2197 749 2269 1).
791 2197 956 2273 Utramque
986 2198 1212 2273 descriptionem
1234 2198 1264 2256 in

195 2314 292 2353 unum
314 2299 506 2371 conspectum
529 2315 750 2371 componemus.

239 2392 361 2452 Orosius
383 2393 503 2452 adrem
525 2393 764 2453 conscribendam
783 2412 951 2469 aggressus,
970 2413 1090 2452 narrans
1113 2393 1136 2466 2)
1158 2394 1263 2452 Roma-

200 2509 252 2550 nos
275 2490 385 2550 Cirtam
407 2495 629 2567 expugnaturos
647 2493 747 2564 fuisse,
767 2492 865 2567 gravis
888 2492 994 2551 erroris
1017 2491 1153 2566 coarguit
1171 2491 1264 2549 Sallu-

201 2589 300 2660 stium,
321 2592 357 2648 ut
379 2609 470 2665 supra
491 2591 675 2649 ostendimus
697 2590 729 2664 3).

241 2685 310 2744 Sall.
333 2707 357 2746 c.
379 2684 429 2757 97,
452 2685 481 2745 3.
524 2688 635 2746 Hostes
657 2687 832 2761 (secundum
854 2687 992 2748 Orosium
1014 2688 1167 2763 sexaginta
1183 2687 1265 2745 milia

202 2784 344 2860 equitum,
378 2785 541 2843 secundum
570 2786 745 2844 Sallustium
767 2785 881 2862 equites
903 2788 1020 2844 tantum
1040 2786 1212 2845 Maurorum
1235 2789 1264 2843 et

202 2879 395 2941 Gaetulorum
425 2880 463 2957 4))
498 2882 580 2941 brevi
616 2886 683 2941 ante
706 2884 775 2942 solis
798 2903 936 2942 occasum
957 2885 1107 2953 Romanos
1130 2883 1263 2959 aggredi·

201 2983 303 3050 untur;
335 2980 380 3038 his
409 2981 491 3038 nulla
512 2984 645 3056 potestas
666 2982 701 3039 fit
723 2982 815 3041 aciem
837 2982 1011 3053 instruendi,
1034 2983 1162 3041 sarcinas
1185 2981 1263 3040 colli·

202 3077 297 3152 gandi,
330 3078 449 3152 signum
481 3082 533 3136 aut
561 3079 642 3136 aliud
662 3078 819 3154 imperium
842 3079 939 3138 dandi.
982 3080 1190 3138 Tumultuario
1211 3079 1263 3136 im·

201 3176 283 3250 perio
312 3175 481 3250 confligitur
502 3175 525 3248 5)
552 3176 648 3250 primo
671 3177 853 3248 catervatim,
872 3178 937 3236 loco
959 3196 1019 3252 quo
1041 3177 1166 3253 quisque
1187 3178 1263 3236 forte

202 3276 264 3331 erat
293 3277 454 3348 pugnatur,
481 3273 589 3331 sensim
610 3277 709 3332 tamen
730 3275 827 3348 globis
848 3275 934 3334 factis
956 3275 1087 3335 bostium
1109 3276 1154 3334 vis
1176 3275 1262 3333 susti-

201 3373 295 3429 netur.
337 3371 448 3429 Marius
471 3371 494 3444 6)
515 3390 611 3445 neque
633 3372 755 3431 territus
777 3393 872 3449 neque
895 3374 991 3432 animo
1014 3374 1141 3432 demisso
1152 3373 1263 3449 passim

200 3488 253 3543 per
283 3469 388 3543 globos
418 3488 484 3527 cum
507 3469 627 3528 cohorte
649 3471 797 3545 praetoria
818 3474 954 3545 vagatur,
976 3475 1011 3529 ut
1032 3476 1178 3547 quantum
1199 3471 1262 3529 fieri

200 3570 300 3641 potest
320 3566 522 3626 laborantibus
545 3571 708 3626 succurrat.
741 3569 829 3628 Coelo
851 3573 1074 3644 vesperascente
1094 3569 1116 3644 7)
1134 3570 1262 3645 impetus

200 3664 371 3723 intenditur.
414 3665 549 3740 (Orosius
582 3684 701 3741 quoque
733 3666 756 3740 8)
788 3667 985 3738 tenebrarum,
1017 3687 1092 3743 quae
1123 3667 1262 3725 Romanis

202 3762 278 3820 diem
310 3762 491 3834 ademerunt,
524 3763 672 3822 mentione
703 3764 790 3834 facta,
823 3747 925 3823 causas
947 3768 1064 3823 tantum
1086 3765 1157 3823 dicit
1178 3783 1262 3840 quae,

201 3863 235 3918 ut
256 3879 373 3920 necesse
395 3863 466 3932 erat,
489 3861 530 3920 eis
551 3861 763 3936 impedimento
776 3862 906 3934 fuerunt,
922 3863 1074 3938 pulverem
1086 3863 1262 3922 suscitatum

237 4149 254 4211 1)
271 4158 388 4217 Exempli
405 4172 481 4205 causa
498 4161 530 4206 ad
548 4163 623 4219 caput
642 4162 681 4218 54,
701 4162 714 4207 5
733 4161 882 4221 relegamus.
903 4187 933 4195 —
954 4154 971 4216 2)
989 4163 1061 4210 Oros.
1079 4162 1108 4218 V,
1127 4162 1258 4218 15,1c.-

203 4235 221 4297 ³)
239 4256 317 4302 supra
333 4257 357 4302 p.
377 4244 415 4289 se.
444 4268 474 4276 -
503 4236 521 4299 ⁴)
541 4248 580 4301 99,
599 4250 621 4291 a.
650 4269 680 4278 -
709 4237 727 4301 Β)
747 4249 786 4304 99,
805 4248 827 4292 5.
847 4273 877 4279 -
897 4239 916 4302 6)
936 4250 975 4305 99,
995 4248 1016 4294 1.
1044 4271 1072 4280 -
1095 4237 1112 4302 ⁷)
1131 4248 1170 4316 99,
1190 4248 1212 4301 2.
1232 4271 1261 4280 -

203 4318 310 4383 loros.
329 4328 357 4386 v,
377 4330 415 4386 15,
435 4330 472 4386 11.v
