2916 5062
648 476 669 535 3

131 634 232 693 eadem
255 634 351 709 gratia
372 637 493 693 ornatus
515 637 573 693 est:
614 633 768 710 Nicopolis
790 632 944 710 quaedam,
966 632 1103 692 libertina
1123 646 1197 709 opu·

131 733 212 791 lenta
240 731 373 791 moribus
395 752 500 807 parum
522 731 654 791 honestis
676 731 748 790 item
770 750 868 789 amora
890 749 961 806 erga
982 750 1050 788 cum
1070 730 1197 802 incensa,

131 834 227 889 totam
258 850 320 888 rem
351 830 526 888 familiarem
553 830 580 888 ei
605 829 716 904 legavit
739 829 770 903 1).
814 829 904 898 Sulla,
934 849 1001 887 cum
1022 827 1081 886 iam
1102 829 1197 887 adole·

132 948 215 986 scens
237 931 324 998 esset,
347 928 428 986 solus
449 926 612 999 habitabat,
635 930 664 986 et
686 927 806 1002 quidem
821 946 876 1000 pro
888 927 953 984 loco
966 946 1025 1001 quo
1036 929 1123 985 natus
1136 929 1198 984 erat

132 1026 203 1084 satis
225 1025 427 1095 mediocriter;
456 1025 551 1082 tribus
573 1025 651 1083 enim
672 1025 792 1088 milibus
813 1024 872 1082 HS.
894 1027 1010 1099 partem
1031 1024 1197 1082 inferiorem

132 1123 250 1182 aedium
282 1123 459 1183 conductam
491 1122 627 1194 habebat,
656 1142 783 1199 quarum
811 1121 888 1180 inter
909 1121 981 1181 alios
1003 1122 1092 1180 etiam
1113 1122 1198 1180 liber·

132 1222 213 1281 tinus
246 1221 367 1298 quidam
399 1220 580 1297 superiorem
611 1224 727 1296 partem
755 1219 835 1278 mille
866 1221 983 1278 tantum
1004 1219 1063 1278 HS.
1086 1220 1198 1279 minore

131 1327 228 1402 pretio
251 1326 432 1386 conduxerat
452 1324 486 1397 0).
522 1324 659 1383 Adhuc
651 1325 802 1397 iuvenis,
810 1316 856 1378 ἔτι
880 1320 1043 1399 μειράκιον
1068 1317 1141 1396 aar
1164 1328 1198 1383 ut

132 1425 175 1482 ait
205 1425 383 1484 Plutarchus
416 1423 450 1498 0,)
481 1423 704 1481 matrimonium
734 1422 809 1480 iniit.
851 1423 951 1480 Prima
977 1442 1053 1482 uxor
1080 1422 1198 1481 nomina

132 1521 197 1593 Ilia,
230 1523 300 1593 sive,
330 1525 365 1580 ut
397 1522 551 1579 Diumann
582 1540 609 1579 v.
633 1521 668 1579 cl
700 1523 789 1592 recte,
750 1522 846 1578 tut
866 1520 993 1592 videtur,
1016 1521 1141 1586 coniecit
1161 1518 1196 1592 4),

133 1618 219 1691 Iulia,
236 1619 401 1679 Corneliam
422 1619 511 1677 filiam
535 1619 561 1677 ei
581 1618 706 1694 peperit,
728 1621 853 1694 nuptam
873 1622 978 1694 postea
1000 1619 1033 1688 Q.
1056 1619 1197 1695 Pompeio

133 1716 222 1789 Rufo,
245 1718 297 1793 qui
317 1718 350 1775 P.
363 1717 494 1793 Sulpicio
515 1716 594 1775 Rufo
615 1716 735 1775 tribuno
756 1716 851 1792 plebis
873 1735 948 1776 anno
961 1715 1212 1795 88⁰seditionam,

134 1815 299 1874 concitante
331 1815 504 1874 interfectus
533 1817 577 1872 est
598 1812 633 1886 0).
670 1813 757 1884 ¹Quae
779 1814 923 1887 Cornelia,
945 1834 1012 1873 cum
1032 1814 1127 1872 filium
1148 1815 1196 1873 ha·

133 1912 233 1971 buerit
254 1913 396 1983 Quintum
418 1913 477 1970 iam
499 1931 574 1971 anno
597 1910 649 1970 52⁰
666 1911 821 1970 tribunatu
831 1912 926 1988 plebis
937 1913 1074 1971 functum
1085 1916 1115 1971 et
1125 1916 1198 1970 tunc

133 2011 227 2087 igitur
248 2011 370 2086 triginta
391 2014 451 2070 tres
472 2011 533 2069 fere
555 2029 646 2069 annos
667 2013 772 2068 natum
784 2010 816 2084 6),
834 2011 894 2069 iarn
905 2030 980 2070 anno
992 2010 1044 2069 850
1056 2011 1157 2069 adulta
1168 2013 1199 2069 et

134 2099 228 2185 nupta
240 2113 318 2181 erat3
336 2110 437 2186 itaque
450 2128 492 2180 ea,
505 2111 664 2184 antequam
675 2107 776 2166 Sulla
768 2129 799 2166 m
809 2108 941 2167 Africam
952 2108 1197 2184 proficisceretur,

134 2211 203 2266 nata
224 2209 314 2266 fuerit
333 2226 453 2267 necesse
475 2206 537 2279 est,
551 2207 678 2265 etcum
671 2225 770 2282 ipsum
782 2210 849 2266 ante
861 2226 951 2283 quaes
954 2208 1101 2282 turam(a
1116 2206 1198 2280 1070)

134 2306 356 2367 matrimonium
388 2305 567 2365 contraxisse
599 2308 730 2382 apparet
773 2305 826 2363 Alt
814 2309 907 2364 teram
933 2324 1058 2365 uxorem
1082 2305 1198 2364 Aeliam

135 2403 229 2475 duxit,
250 2403 286 2462 de
307 2424 366 2480 qua
387 2404 461 2461 nihil
481 2406 606 2463 constat.
649 2403 779 2462 Tertiam
803 2404 932 2463 Coeliam
944 2403 999 2462 sibi
1010 2403 1198 2462 matrimonio

135 2501 240 2574 iunxit,
273 2503 320 2561 cui
350 2502 508 2578 repudium
540 2502 655 2561 remisit
686 2502 776 2578 quod,
808 2507 843 2560 ut
874 2502 937 2579 ipsa
968 2522 1038 2578 praa
1067 2522 1097 2561 se
1119 2502 1198 2574 tulit,

134 2599 234 2658 liberis
266 2604 387 2672 careret,
419 2601 471 2660 sed
502 2620 533 2659 re
564 2620 642 2672 vera,
674 2600 744 2676 quia
765 2619 864 2660 amore
886 2601 916 2657 in
937 2601 1025 2659 aliam
1046 2601 1198 2660 mulierem

113 2720 115 2724 ¹
135 2699 271 2758 incensus
292 2703 364 2757 erat.

176 2797 258 2856 Sulla
282 2797 344 2873 ipse
367 2816 397 2856 se
418 2797 551 2869 iniuriae,
573 2817 633 2874 qua
654 2797 784 2857 Coaliam'
806 2797 933 2858 divortio
954 2799 1033 2857 facto
1056 2799 1200 2858 affecisset

136 2895 286 2954 conscium
307 2896 408 2967 fuisse,
429 2896 485 2954 hac
505 2915 536 2954 ra
559 2896 696 2966 ostendit,
720 2895 799 2971 quod
817 2896 979 2971 grandibus
992 2896 1075 2955 donis
1087 2900 1199 2972 etopu-

135 2993 222 3051 lentis
253 2992 425 3052 muneribus
458 2993 613 3052 offerendis
636 3013 699 3052 eam
721 2994 858 3052 iniuriam
881 3013 1069 3069 compensare
1089 2994 1200 3053 frustra

137 3095 260 3150 conatus
282 3095 328 3150 est
349 3091 381 3164 ⁷).
424 3091 531 3150 Statim
553 3092 676 3150 alteram
697 3091 779 3149 illam
800 3091 897 3164 duxit3
920 3096 983 3150 erat
1004 3095 1075 3151 tunc
1097 3093 1199 3151 consul

137 3189 307 3264 designatus
339 3209 507 3266 annumque
538 3189 899 3266 undequinquagesimum
930 3190 1038 3265 agebat
1065 3191 1102 3264 (a.
1125 3189 1198 3265 890).

135 3286 179 3344 Ea
210 3291 316 3363 quarta
346 3306 422 3346 uxor
449 3292 512 3346 erat
533 3287 659 3347 Caecilia
679 3288 808 3359 Metella,
836 3288 927 3362 vulgo
948 3288 1088 3347 ‘Metella'
1111 3288 1198 3347 dicta.

135 3385 208 3443 Erat
237 3386 307 3458 filia,
339 3405 407 3458 non,
439 3389 475 3445 ut
495 3386 537 3445 ait
557 3386 735 3444 Plutarchus
757 3385 790 3459 8),
817 3386 850 3456 Q.
873 3385 991 3445 Caecilii
1011 3386 1124 3445 Metelli
1143 3386 1198 3457 Pii,

137 3482 235 3542 Sullae
263 3484 372 3542 iterum
401 3484 529 3543 consulis
552 3486 590 3560 (a.
613 3484 677 3558 800)
699 3484 838 3559 collegae,
871 3484 922 3542 sed
942 3483 975 3543 L.
999 3483 1117 3543 Caecilii
1136 3484 1199 3542 Me·

136 3581 199 3640 telli
215 3582 376 3641 Delmatici
396 3583 468 3656 (cos.
481 3603 506 3641 a.
522 3581 613 3656 1190),
636 3582 688 3657 qui
710 3581 839 3641 Castoris
861 3585 891 3640 et
908 3582 1039 3641 Pollucis
1053 3582 1198 3658 templum

135 3680 247 3738 refecit.
299 3680 342 3738 Ea
373 3700 492 3756 quoque
524 3681 584 3738 iam
616 3683 702 3738 antea
733 3680 797 3738 viro
828 3684 970 3755 nupserat
999 3681 1039 3738 M.
1071 3679 1198 3739 Aemilio

133 3777 245 3837 Scauro
277 3779 349 3852 (cos.
372 3799 397 3837 a.
421 3778 503 3852 1150)
535 3782 566 3837 et
593 3779 620 3836 ci
640 3778 734 3837 filium
756 3782 908 3853 genuerat.
949 3778 1028 3837 Huic
1048 3779 1109 3838 filio
1131 3798 1198 3838 cum

173 4073 190 4135 ¹)
224 4081 292 4127 Pius.
310 4080 381 4128 sum
398 4083 421 4139 a,
440 4081 482 4128 fin.
503 4106 533 4114 -
554 4071 572 4136 9)
590 4081 656 4129 nin.
676 4083 698 4127 1.
718 4107 747 4115 -
769 4072 787 4136 3)
805 4081 870 4128 nra.
889 4084 911 4128 e.
931 4106 957 4114 -
981 4071 1000 4135 4)
1017 4081 1145 4127 nrumann
1163 4078 1197 4138 11,

135 4179 160 4224 p
180 4168 295 4213 508.-
316 4157 334 4221 0)
352 4165 420 4213 Plut.
438 4166 557 4224 Sulla83
575 4167 632 4213 Liv.
651 4180 690 4226 ep.
710 4167 800 4213 77.-
820 4157 838 4222 0)
856 4167 948 4213 Ascon.
966 4180 991 4226 p.
1010 4168 1057 4224 34;
1076 4166 1165 4212 CloA

135 4250 177 4308 IV,
197 4252 235 4309 16,
253 4251 322 4308 VIII,
341 4253 388 4308 11;
406 4251 549 4298 Mommsen
567 4251 672 4298 St.oatsr
696 4252 716 4307 Ι,
734 4264 759 4310 p.
779 4252 872 4298 54451
861 4253 946 4298 12.55
965 4242 1035 4306 -Ἷ
1052 4250 1118 4298 Plut
1128 4167 1197 4298 Suilli

137 4336 208 4381 6.-
230 4326 283 4390 8)1.
302 4348 323 4382 c.
