2916 5062
702 435 759 493 103

195 594 328 655 Cimbros
350 596 378 652 in
393 593 508 653 ltaliam
519 613 688 653 reversuros
700 614 772 666 esse,
785 595 895 653 Marius
908 594 1011 653 absens
1022 595 1143 653 tertium
1155 597 1258 654 consul

195 697 319 764 creatur,
341 693 493 769 provincia
514 691 541 750 ei
561 691 670 750 iterum
692 691 860 751 decernitur
882 693 913 766 1).

233 791 323 850 Nulla
348 811 394 850 res
416 812 432 848 a
453 790 546 848 Mario
568 789 624 848 hoc
646 810 721 849 auno
745 791 816 849 1030
836 795 920 865 gesta
942 790 977 848 ab
1000 790 1170 849 auctoribus
1191 811 1256 867 pro·

194 890 255 948 dita
276 893 330 961 est,
359 908 540 965 quamquam
561 888 646 946 testis
669 888 805 946 oculatus
828 889 879 964 qui
901 907 949 946 eas
971 889 1078 946 litteris
1099 905 1257 964 perseque-

193 990 275 1046 retur
296 1006 354 1046 non
376 986 492 1057 deera13
515 987 539 1044 si
561 985 794 1045 Commentarios
816 985 952 1045 Sullanos
974 987 1158 1056 haberemus
1170 988 1256 1062 plura

194 1086 229 1144 dc
249 1086 294 1144 his
316 1085 404 1144 rebus
426 1103 603 1159 cognoscere
624 1084 708 1143 nobis
730 1085 840 1143 liceret.
870 1083 967 1143 Etiam
989 1085 1148 1160 vestigium
1170 1085 1256 1144 habe·

193 1203 259 1243 mus
291 1201 350 1257 quo
383 1184 604 1242 demonstretur
635 1181 748 1240 Sullam
780 1182 809 1239 in
838 1182 1063 1241 Commentariis
1101 1183 1257 1258 diligenter

193 1282 286 1356 egisse
309 1282 344 1340 de
366 1300 464 1357 opera,
488 1297 576 1355 quam
598 1281 660 1356 ipse
684 1279 821 1338 tribunus
843 1280 972 1338 militurn
994 1280 1023 1338 iu
1045 1281 1149 1339 castris
1171 1281 1257 1340 Marii

193 1387 247 1447 hoc
270 1407 345 1447 anno
367 1388 531 1458 narraveris
553 1387 697 1445 traditum
719 1390 763 1446 est
785 1407 802 1445 a
823 1387 982 1446 Plutarcho
1004 1407 1071 1445 eum
1092 1375 1191 1458 ,μέγα
1204 1380 1256 1440 καὶ

199 1482 474 1567 „rolndrdpmrror
510 1484 606 1555 ἔθνος
639 1488 791 1565 Μάρσους
826 1488 930 1546 πεῖσαι
963 1480 1074 1563 φίλους
1104 1481 1255 1561 γενέσθαι

199 1592 269 1671 „ucri
294 1598 474 1674 συμμάχους
497 1588 690 1664 Ῥωμαίωυ”
715 1591 753 1672 2).

233 1699 320 1769 Quod
348 1699 416 1756 anni
444 1698 592 1772 reliquum
613 1700 677 1756 crat
701 1699 747 1769 ,in
769 1701 914 1773 apparatu
935 1698 1004 1757 belli
1026 1701 1254 1773 consumptum”

194 1800 238 1855 est
258 1796 298 1869 ³);
322 1812 397 1870 quae
418 1795 507 1854 verba
529 1795 614 1853 nimis
626 1814 716 1870 parca
728 1796 895 1870 significant
907 1796 1107 1870 cogitantibus
1118 1795 1254 1865 Marium,

193 1898 228 1952 ut
248 1895 303 1953 hoc
325 1894 422 1969 ipsum
444 1894 606 1969 perficeret,
629 1893 687 1950 iam
709 1912 785 1952 anno
808 1893 958 1968 superiore
980 1912 1117 1968 magnam
1135 1912 1255 1968 operam

158 1986 160 1992 ’
195 1992 317 2050 dedisse.

234 2090 308 2150 Cum
340 2089 373 2147 L.
392 2089 531 2147 Aurelius
564 2089 691 2160 Orestes,
723 2090 808 2148 Marii
840 2089 888 2148 III
920 2090 1048 2149 consulis
1081 2090 1255 2164 collegam

194 2189 370 2263 magistratu
391 2191 528 2247 mortuus
550 2190 636 2258 esset,
659 2188 706 2247 hic
728 2188 765 2247 ad
777 2189 896 2248 comitia
908 2188 1041 2247 habenda
1051 2188 1177 2248 Romam
1188 2208 1254 2264 pro·

193 2287 288 2345 fectus
310 2290 355 2346 est
365 2287 406 2360 4);
427 2286 576 2362 praesecto
598 2287 740 2346 exercitui
759 2288 799 2345 M.
813 2287 942 2361 'Aquilio
954 2307 1008 2363 pro
1019 2290 1155 2363 praetore
1166 2303 1255 2361 quem

193 2388 297 2460 postea
317 2384 441 2443 victoria
462 2384 496 2442 de
519 2384 610 2442 servis
631 2385 661 2442 in
682 2385 781 2444 Sicilia
801 2388 952 2460 reportata
973 2390 1003 2444 et
1023 2385 1119 2461 turpis
1129 2405 1184 2444 nex
1196 2401 1255 2460 qua
1305 2382 1307 2387 ’

192 2482 377 2541 Mithridates
399 2502 467 2540 eum
489 2481 585 2541 affecit
606 2486 711 2541 notum
732 2483 932 2542 reddiderunt.

231 2581 346 2640 Multus
367 2583 412 2639 est
433 2581 610 2639 Plutarchus
631 2582 661 2638 in
683 2581 843 2639 enarranda
864 2582 1050 2641 simulatione
1069 2602 1127 2657 qua
1143 2581 1254 2642 Marius

193 2697 265 2736 usus
287 2697 350 2736 esse
373 2678 489 2748 dicitur,
501 2682 537 2737 ut
548 2682 686 2755 quartum
699 2679 802 2737 consul
814 2682 971 2738 crearetur.
994 2679 1068 2739 Cum
1077 2679 1121 2738 his
1134 2680 1253 2738 coniun-

193 2776 289 2851 genda
320 2780 389 2835 sunt
420 2797 454 2834 ea
485 2797 560 2852 quae
592 2776 693 2834 Livius
716 2777 751 2834 de
773 2776 875 2834 eadem
896 2797 927 2835 re
948 2777 1030 2835 libris
1052 2777 1203 2837 mandavit
1224 2779 1252 2836 iu

193 2873 266 2932 hanc
298 2874 492 2933 sententiam:
519 2873 645 2945 ,Marius
668 2878 808 2949 quartum
830 2875 1017 2934 consulatum
1038 2876 1258 2935 dissimulanter

196 2977 333 3048 ,captans
356 2975 532 3032 consecutus
554 2976 617 3031 est”
639 2972 674 3047 ⁵).
718 2973 838 3048 Collega
859 2973 886 3031 ei
907 2973 993 3031 datus
1016 2972 1257 3043 estQ.Lutetius

194 3070 326 3142 Catulus,
358 3071 403 3129 vir
431 3090 538 3146 magna
560 3071 735 3130 auctoritate
758 3071 837 3146 apud
858 3071 980 3141 nobiles,
1002 3071 1114 3146 populo
1136 3090 1194 3130 non
1215 3071 1256 3129 in·

193 3173 305 3243 gratus
328 3169 379 3227 sed
399 3169 476 3227 iners
498 3171 528 3228 et
548 3189 653 3243 parum
675 3173 812 3228 strenuus
835 3168 868 3240 ⁶).

233 3267 424 3325 Pervenimus
456 3267 493 3324 ad
524 3287 570 3326 res
602 3268 683 3326 annis
718 3267 788 3325 1020
815 3271 845 3325 et
868 3266 938 3326 101⁰
959 3269 1067 3341 gestas.
1109 3267 1256 3343 Auctores

193 3365 264 3423 satis
296 3364 384 3423 multi
415 3368 492 3435 sunt,
526 3384 653 3440 quorum
680 3365 710 3423 in
737 3364 825 3422 rebus
853 3365 946 3439 gestis
977 3364 1083 3423 horum
1111 3383 1255 3424 annorum

193 3462 360 3521 enarrandis
382 3463 457 3521 ratio
475 3463 608 3521 habenda
625 3462 709 3522 nobis
721 3466 778 3533 est;
798 3466 868 3520 sunt
878 3462 908 3519 hi
919 3466 1037 3538 praeter
1047 3462 1253 3521 Plutarchum:

131 3575 136 3582 ·
194 3560 324 3631 Orosius,
357 3561 472 3631 Florus,
505 3562 632 3636 epitome
654 3561 784 3631 Liviana,
806 3561 979 3636 Eutropius,
1001 3559 1141 3631 Velleius,
1163 3560 1253 3619 Pron-

193 3659 282 3730 tinus,
304 3659 361 3718 Dio
384 3659 511 3730 Cassius,
530 3659 670 3717 Aurelius
687 3659 800 3729 Victor,
814 3659 936 3729 Plinius,
949 3659 1065 3730 Strabo,
1078 3659 1252 3736 Polyaenus.

193 3756 384 3831 Propositum
414 3757 498 3816 nobis
530 3765 576 3816 est
608 3757 645 3814 ad
676 3757 805 3832 singulas
837 3761 937 3833 partes
959 3757 1133 3816 narrationis
1154 3776 1252 3816 rerum

229 4033 246 4095 ¹)
272 4041 328 4088 Liv.
347 4054 378 4099 ep
398 4042 436 4088 67,
465 4067 495 4073 -
524 4033 542 4095 ³]
565 4042 631 4088 Plut.
650 4040 759 4088 sn11a4.
779 4065 809 4073 —
829 4033 980 4097 ³)v011.11,
1000 4044 1038 4098 12,
1058 4042 1080 4089 5.
1099 4065 1129 4073 -
1149 4032 1253 4094 ⁴)P1ut.

98 4175 106 4185 ,
192 4127 253 4173 Mar.
283 4128 320 4173 14.
348 4126 415 4171 Fieri
441 4129 528 4184 potest
551 4129 579 4172 nt
597 4141 611 4171 a
629 4129 718 4172 senatu
737 4127 874 4173 arcessitus
892 4127 940 4184 sit3
959 4127 1003 4172 cfr.
1022 4126 1086 4172 sinit
1104 4126 1208 4172 Observ.
1228 4125 1253 4170 in

192 4213 258 4258 Plut.
276 4213 326 4258 va.
344 4212 414 4269 nar,
433 4211 493 4257 diss.
512 4210 573 4258 ουν.
591 4213 653 4258 nuc.
666 4212 737 4269 nna,
747 4226 771 4271 p.
783 4213 821 4257 51.
841 4234 873 4242 -
893 4203 912 4266 Β)
929 4211 1084 4274 Liaepcr.
1104 4234 1133 4242 -
1154 4201 1252 4269 ⁶)P1ut.

192 4297 254 4350 Mar.
275 4299 321 4354 143
339 4297 408 4345 Sulla
426 4298 440 4342 4
451 4310 457 4360 3
476 4296 533 4343 Liv.
550 4295 565 4342 l.
586 4312 606 4343 c.
