2916 5062
645 493 681 554 1'9

133 655 295 730 prodibant
326 657 356 714 et
376 675 430 730 pro
453 655 561 731 quibus
583 656 646 732 ipse
667 656 782 714 fabulas
804 661 1029 736 composuerat;
1053 659 1076 716 si
1097 657 1196 733 partes

131 751 205 810 bene
228 752 364 828 agebant,
386 752 525 827 plausum
546 752 644 823 dabat,
668 754 711 812 sin
733 755 817 821 male,
840 773 890 813 eos
913 755 1065 814 obiciebat.

171 850 279 925 lugens
310 851 369 908 suit
398 870 483 925 opuS,
506 851 586 927 quod
608 851 690 910 Sulla
712 851 748 909 ad
770 852 962 911 ordinandam
983 854 1197 929 rempublicam

131 966 289 1022 aggressus
323 952 376 1007 est.
419 949 463 1006 De
492 949 548 1007 hoc
569 969 657 1024 opere
678 950 841 1008 Mommsen
865 971 891 1008 v.
915 952 950 1009 cl.
972 952 1002 1008 in
1024 952 1098 1010 libro
1124 951 1197 1021 „Ro-

130 1046 241 1105 miscbe
273 1046 469 1105 Gesohichte’'
503 1047 654 1122 inscripto,
687 1048 836 1122 praeclare
868 1049 939 1124 egit.
981 1049 1197 1108 Mutationibus

129 1143 353 1202 institutionum
389 1144 568 1219 reipublicae
601 1145 751 1220 expositis
784 1165 857 1221 quas
889 1146 938 1204 ille
969 1147 1048 1217 fecit,
1091 1147 1197 1205 adiecit

129 1242 232 1315 legum
263 1245 439 1317 argumenta
469 1244 505 1299 ut
534 1245 600 1300 ante
630 1242 714 1300 illum
736 1242 911 1302 dictatorem
934 1248 1018 1302 erant
1041 1245 1062 1319 1)
1085 1247 1198 1302 ettam

131 1338 167 1396 de
195 1339 291 1410 laude,
321 1359 380 1415 qua
401 1338 484 1398 Sulla
505 1340 702 1416 descriptione
725 1341 853 1399 civitatis
876 1345 1059 1401 commutata
1081 1342 1196 1416 dignus,

130 1456 221 1512 quam
253 1436 357 1512 quanti
384 1425 465 1496 nova
482 1437 532 1494 illa
553 1437 734 1512 reipublicae
755 1439 851 1497 forma
871 1439 935 1514 ipsa
957 1439 1139 1498 aestimanda
1160 1440 1199 1498 sit

131 1533 266 1609 disputat
287 1534 320 1608 2).
362 1533 444 1593 Inter
465 1553 567 1593 omnes
590 1540 691 1594 nostra
713 1539 809 1594 aetate
831 1556 930 1594 rerum
952 1537 1110 1612 scriptores
1132 1536 1198 1596 con·

130 1632 213 1690 venit
244 1632 306 1690 eius
334 1632 541 1691 institutorum
573 1633 716 1691 virtutem
743 1634 793 1693 vix
814 1634 939 1693 alicuius
960 1635 1103 1693 momenti
1124 1654 1197 1706 esse,

131 1732 162 1788 et
192 1729 384 1788 fundamenta
416 1730 524 1806 quibus
556 1731 694 1790 nituntur
724 1731 811 1789 nimis
845 1733 910 1790 laxa
941 1733 1032 1791 fuisse
1054 1752 1143 1808 quam
1163 1736 1199 1791 ut

130 1827 249 1885 stabilia
279 1830 309 1885 et
339 1827 424 1886 firma
457 1831 555 1887 essent
576 1828 619 1902 3);
653 1828 787 1887 ordinare
816 1849 877 1887 rem
905 1830 1056 1905 publicam
1078 1831 1113 1888 ab
1136 1830 1198 1889 eius

130 1925 249 1999 ingenio
282 1926 451 1996 abhorruit3
483 1926 649 1985 Mommsen
680 1926 843 1986 rectissime
875 1927 1005 1986 ostendit
1027 1947 1086 2003 quo
1109 1928 1197 1986 modo

132 2023 246 2081 factum
267 2024 306 2082 sit
326 2027 361 2082 ut
381 2023 573 2083 nihilominus
594 2044 657 2082 rem
678 2024 891 2099 aggrederetur
911 2026 945 2101 4).
968 2025 1042 2084 Cum
1062 2025 1197 2084 educatio

133 2123 200 2179 tum
230 2121 357 2197 proximi
387 2122 615 2198 familiaresque,
648 2122 757 2198 quibus
789 2123 903 2182 iuvenis
934 2123 1097 2194 fruebatur,
1130 2144 1197 2182 eum

133 2219 280 2278 bonorum
302 2219 411 2278 civium
432 2220 577 2279 institutis
599 2223 629 2278 et
649 2221 815 2295 praeceptis
828 2221 1063 2279 assuefecerunt:
1082 2222 1198 2280 clavum
1226 2288 1228 2291 v

133 2317 312 2392 reipublicae
342 2317 411 2376 solis
437 2320 467 2375 et
488 2318 554 2376 unis
576 2317 720 2376 nobilium
741 2318 859 2377 familiis
881 2319 1067 2390 auctoritate,
1090 2339 1148 2395 qua
1169 2319 1199 2376 in

134 2417 239 2472 senatu
269 2415 409 2485 valerent,
442 2415 602 2474 tenendum
634 2434 713 2486 esse;
745 2415 914 2483 bominibus
946 2417 993 2475 sui
1024 2417 1140 2491 generis
1169 2421 1199 2475 et

135 2510 244 2569 ordinis
276 2515 394 2571 tantum
426 2514 619 2587 magistratus
650 2512 816 2587 iungendos
839 2518 869 2572 et
889 2514 1056 2589 provincias
1078 2514 1198 2572 admini·
1260 2563 1266 2568 ..

136 2609 280 2680 strandaS,
303 2611 434 2668 ordinem
457 2614 623 2686 equestrem
646 2611 740 2680 avia,
763 2630 851 2686 quam
875 2610 999 2671 Gracchi
1019 2613 1044 2671 ei
1055 2614 1199 2688 patefece-

135 2710 213 2777 runt,
235 2711 270 2765 ut
291 2708 390 2783 aliqua
411 2727 446 2766 ex
467 2711 551 2783 parte
573 2709 610 2766 ad
631 2728 692 2767 rem
714 2708 864 2784 publicam
886 2710 1045 2784 gerendam
1058 2711 1198 2785 aggrede-

136 2923 214 2960 mam
244 2904 403 2974 nobilibus,
437 2905 631 2974 adimendam,
663 2909 698 2963 ut
729 2906 758 2963 in
780 2910 933 2980 posterum
957 2906 1149 2981 magistratus
1171 2912 1201 2965 et

136 3001 247 3059 iudices
270 3021 304 3059 ex
326 3001 429 3061 eodem
452 3002 552 3061 ordine
574 3003 668 3072 electi,
692 3003 752 3061 suis
768 3004 894 3062 invicem
907 3004 1068 3063 commodis
1080 3005 1200 3080 impune

135 3099 276 3158 faverent.
308 3100 383 3158 Dein
405 3100 564 3174 populares
586 3100 623 3158 ad
644 3120 708 3158 eam
726 3101 929 3160 infirmitatem
940 3101 1115 3176 redigendos
1127 3122 1199 3174 esse,

135 3199 170 3254 ut
191 3215 263 3272 opes
285 3197 393 3273 quibus
415 3197 564 3256 nobilibus
584 3199 756 3257 resisterent
776 3218 899 3274 prorsus
922 3199 1066 3258 deessent.

176 3295 262 3364 Quod
288 3295 326 3352 ad
353 3296 472 3354 colonos
494 3299 524 3354 et
545 3296 641 3355 socios
662 3295 783 3355 italicos
804 3297 943 3372 pertinet,
968 3297 1126 3372 optimates
1147 3298 1204 3356 hoc

135 3397 328 3468 praeceptum
360 3393 512 3452 colebant:
538 3393 663 3452 'Italiam
694 3394 897 3453 Romanorum
930 3395 1053 3470 imperio
1081 3414 1202 3471 prorsus

138 3491 302 3549 subiectam
334 3511 397 3550 esse
429 3491 544 3550 debere.
586 3492 709 3549 lHarum
742 3493 924 3567 opinionum,
954 3493 1044 3567 vulgo
1067 3493 1203 3551 omnibus

136 3589 331 3665 optimatibus
361 3590 572 3661 communium,
595 3590 677 3647 Sulla
698 3590 757 3646 iam
779 3590 814 3648 ab
836 3591 991 3648 iuventute
1013 3591 1092 3649 ultro
1113 3592 1203 3666 parti·

137 3706 206 3763 ceps
238 3689 317 3759 erat3
349 3707 453 3747 verum
486 3688 549 3764 ipse
577 3687 614 3746 ab
636 3688 730 3760 initia,
754 3707 821 3746 eum
844 3689 951 3748 virium
973 3709 1094 3747 suarum
1114 3689 1204 3748 etiam

174 3916 192 3979 ¹)
226 3926 367 3972 Mommsen
385 3927 457 3972 aem.
476 3926 568 3972 aeson.
586 3917 632 3983 11⁸,
650 3939 674 3986 p.
686 3927 754 3973 345-
770 3929 826 3973 aas.
839 3953 866 3960 -
881 3917 1158 3986 ²)1bid.p.365-oro.
1172 3949 1202 3959 -

88 4056 99 4072 ἱ
140 4001 241 4064 ³)1bio.
268 4023 292 4069 p.
320 4013 386 4067 274;
412 4011 542 4056 Drumann
560 4025 584 4070 p.
604 4013 651 4057 505
670 4014 696 4057 et
713 4025 737 4070 p.
758 4013 813 4058 5⁰7.
833 4036 864 4043 —
884 4003 903 4066 ι)
921 4012 1049 4071 Principio
1068 4012 1137 4057 Sulla
1154 4012 1204 4057 hoc

137 4108 203 4154 opus
220 4108 301 4154 neque
320 4096 446 4154 quaesivit
463 4109 545 4155 neque
563 4097 693 4155 suscipere
711 4096 807 4142 voluit:
828 4096 912 4151 „Sulla
924 4097 1203 4154 hattedieschwierige

139 4179 207 4234 „und
232 4179 395 4237 grauenvolle
421 4180 510 4226 Arbeit
536 4180 581 4226 des
608 4180 898 4226 Restaurationswertres
922 4181 994 4226 nieht
1011 4181 1119 4238 gesucbt
1136 4180 1203 4226 noch

139 4264 256 4322 „gewollt
274 4260 307 4323 (p.
327 4261 402 4319 338)”
421 4299 427 4311 .
438 4299 443 4311 .
455 4299 461 4311 .
472 4299 477 4310 .
497 4265 573 4320 „Faet
583 4265 649 4310 ohne
659 4278 686 4311 es
695 4279 727 4311 zu
737 4266 827 4312 wellen
837 4279 887 4311 war·
896 4264 966 4311 Sulla
975 4265 1020 4311 der
1028 4265 1203 4311 bertihmteste

139 4348 278 4405 „Feldherr
295 4349 379 4395 seiner·
395 4349 459 4408 Zeit,
477 4350 522 4396 der
539 4351 605 4396 Hort
622 4350 668 4396 der
685 4350 829 4409 Oligarchie
847 4348 1006 4409 geworden”.
1025 4346 1058 4410 (p.
1078 4345 1144 4406 371.)
