2916 5062
718 489 738 548 7

192 649 313 706 functus
334 651 380 706 est
402 648 424 722 l)
447 650 537 724 atque
560 666 627 706 cum
650 666 765 706 summa
790 649 940 724 potestate
961 646 1028 706 urbi
1050 645 1085 704 ab
1107 646 1172 722 ipso
1191 647 1258 706 snb·

194 750 277 804 actae
308 743 522 821 imperarct2);
554 748 685 804 extremo
717 746 823 805 aetatis
854 748 987 821 tempore
1026 763 1094 804 cum
1124 744 1259 821 privatus

193 843 335 902 Puteolos
357 861 387 902 se
408 842 568 919 recepisset
588 843 636 902 vel
656 843 781 902 maxime
802 843 848 901 his
867 842 978 902 deliciis
993 841 1157 916 indulsit3).
1178 842 1262 902 Inter

193 941 248 1000 hos
279 941 393 998 firmam
423 943 452 999 et
479 943 655 1017 perpetuam
677 941 836 1000 amicitiam
859 960 926 1000 cum
947 939 1094 999 Metrobio
1115 939 1259 999 histrione

193 1039 332 1114 populari
353 1039 454 1109 coluit,
477 1039 616 1114 quicum
638 1039 668 1097 in
689 1039 822 1115 priorum
844 1038 943 1097 Sullae
962 1039 1259 1098 amicorumnnmero

194 1139 273 1195 esset
303 1136 393 1195 etiarn
423 1137 500 1195 inter
520 1139 696 1212 postremos,
719 1136 827 1213 quibus
849 1136 932 1195 Sulla
952 1135 1085 1195 Puteolis
1106 1155 1201 1211 usqne
1223 1136 1261 1195 ad

194 1237 321 1293 mortem
351 1234 502 1310 utebatur,
531 1237 595 1293 erat
614 1235 648 1308 4).
691 1234 740 1293 Ad
760 1234 826 1294 illos
848 1234 967 1305 amicos,
990 1252 1118 1309 quorum
1139 1253 1259 1294 consue·

193 1332 296 1392 tudine
317 1332 400 1391 Sulla
421 1335 551 1392 extrema
562 1335 658 1392 aetate
675 1332 839 1404 fruebatur,
851 1335 969 1409 praeter
979 1331 1161 1391 Metrobium
1173 1332 1259 1391 Sorix

193 1434 224 1489 et
245 1431 370 1490 Roscius
391 1431 569 1490 referuntur.
610 1430 704 1490 Amor
725 1449 866 1506 argaeos
888 1430 1001 1490 Sullam
1013 1429 1109 1488 adhuc
1122 1429 1258 1490 iuvenem

195 1547 229 1587 eo
260 1528 408 1604 perduxit,
429 1532 466 1587 ut
485 1547 591 1604 parvas
612 1528 727 1587 fabulas
750 1531 949 1604 componeret.
990 1527 1131 1587 Nicolaus
1153 1528 1259 1586 Dama·

195 1636 310 1698 scenos,
342 1627 394 1702 qui
424 1627 481 1685 hoc
511 1626 670 1685 memoriae
701 1626 842 1703 prodidit,
874 1625 1035 1686 versiculos
1066 1626 1133 1685 illos
1161 1625 1260 1685 Sullae

199 1727 389 1806 ,σατυρικὰς
413 1722 597 1806 κωμῳδίας”
625 1733 808 1809 nuncupavit
828 1731 861 1806 ὅ),
884 1732 1010 1809 scriptos
1032 1732 1093 1791 sine
1114 1730 1204 1809 dubio
1226 1735 1261 1791 ut

195 1831 369 1890 aMetrobio
381 1833 557 1891 canerentur
576 1835 605 1890 et
624 1834 792 1906 agerentur.
820 1829 998 1911 Plutarchus
1016 1829 1155 1888 Metrobii
1166 1835 1259 1888 artem

194 1937 240 1997 his
271 1938 368 1998 verbis
400 1938 565 2014 significat:
598 1941 661 1996 erat
691 1936 796 1997 histrio
829 1929 907 2012 (τῶν
930 1928 995 1988 ἀπὸ
1017 1932 1132 2007 σκηνῆς
1149 1927 1208 2011 τις)
1231 1939 1261 1995 et

195 2043 315 2120 quidem
349 2033 507 2116 λυσιῳδός.
549 2043 593 2102 Ex
614 2063 674 2120 qua
694 2062 766 2103 voce
787 2042 968 2102 Metrobium
989 2041 1100 2101 Graece
1122 2041 1260 2102 cecinisse

197 2162 267 2202 cave
288 2141 462 2217 intellegas:
484 2141 602 2200 fabulae
624 2160 698 2218 quas
722 2141 804 2199 Sulla
824 2160 879 2216 pro
901 2160 935 2200 eo
958 2139 1127 2216 composuit
1137 2139 1260 2200 Nicolao

194 2241 378 2300 Damasceno
399 2242 520 2299 auctore
540 2239 645 2299 Latine
663 2239 789 2315 scriptae
807 2241 898 2297 erant.
923 2237 1000 2309 Vox,
1012 2257 1072 2314 qua
1081 2237 1260 2297 Plutarchus
1279 2237 1281 2241 ’

194 2357 268 2397 usus
300 2342 353 2410 est,
385 2337 544 2413 imaginem
565 2340 682 2396 tantum
710 2337 753 2396 rei
774 2336 939 2412 significat:
970 2335 1135 2395 Metrobius
1156 2335 1260 2395 Latine

198 2444 276 2503 idem
298 2445 358 2502 fere
386 2445 464 2515 fecit,
488 2443 568 2519 quod
591 2430 742 2515 λυσιῳδὸς
757 2441 792 2500 'in
814 2440 936 2501 Graecia
956 2443 1052 2501 facere
1074 2441 1207 2512 solebat,
1230 2461 1265 2501 er

200 2563 259 2620 qua
289 2563 320 2602 re
352 2542 442 2602 etiam
473 2543 508 2601 de
539 2541 707 2601 fabularum
735 2559 851 2616 genere,
881 2560 954 2617 quas
977 2541 1060 2599 Sulla
1081 2540 1264 2617 conscripsit,

200 2649 312 2725 aliquid
343 2649 417 2708 effici
448 2651 557 2724 potest.
600 2637 762 2720 Λυσιῳδοί
794 2647 926 2706 eiusdem
957 2648 1072 2723 generis
1098 2650 1264 2708 cantatores
1297 2713 1298 2719 η

200 2760 291 2826 erant,
324 2755 376 2832 qui
397 2755 485 2814 etiarn
511 2742 654 2826 μαγῳδοὶ
686 2753 868 2825 dicebantur,
890 2753 969 2829 apud
991 2752 1118 2813 Graecos
1140 2753 1190 2825 eis,
1213 2754 1264 2830 qui

202 2850 349 2935 ἱλαρῳδοί
371 2866 401 2921 et
423 2849 552 2933 σιμῳδοί
563 2860 797 2936 appellabantur,
810 2861 910 2920 affines
922 2860 1050 2937 quidem,
1059 2881 1163 2921 verum
1174 2861 1263 2921 etiam

200 2961 299 3037 aliqua
310 2980 345 3019 ex
354 2963 439 3036 parte
451 2959 582 3035 oppositi
590 2959 621 3033 ⁶).
636 2959 675 3016 Hi
687 2958 837 3034 graviores
849 2963 879 3018 et
892 2959 1051 3018 severiores
1062 2978 1161 3018 rerum
1175 2959 1262 3019 serio·

237 3215 254 3278 ’ί
289 3224 341 3272 Val.
367 3224 432 3270 Max.
458 3224 500 3281 VI,
528 3226 550 3280 9,
576 3226 590 3270 6
617 3223 663 3281 „L.
689 3236 750 3271 vcro
776 3224 846 3270 Sulla
871 3236 951 3284 usqne
977 3223 1008 3270 ad
1034 3225 1185 3282 quaesturae
1202 3237 1263 3271 snae

200 3309 320 3364 „comitia
329 3310 407 3356 vitam
416 3308 532 3365 libidine,
542 3309 611 3366 vino,
620 3309 734 3356 ludicrae
743 3308 806 3355 artis
815 3321 901 3356 amore
911 3308 1067 3368 inquinatam
1074 3307 1206 3368 perduxit.
1215 3343 1221 3356 .
1230 3307 1261 3366 .'';

199 3394 266 3440 Plut.
285 3394 354 3440 Sulla
371 3395 384 3439 2
403 3385 481 3446 „rior
490 3384 538 3445 μὲν
557 3383 622 3434 ὄντα
637 3387 682 3433 καὶ
693 3384 789 3440 ἄδοξον
799 3384 841 3434 ἔτι
850 3387 920 3445 μετὰ
929 3387 1014 3445 μίμων
1023 3387 1068 3433 καί
1078 3384 1261 3448 γελωτοποιῶν

199 3472 383 3534 »διαιτᾶσθαι
410 3475 455 3521 καὶ
482 3471 741 3526 συνακολασταίνειν,
760 3504 791 3512 -
812 3470 829 3533 ²)
857 3479 923 3527 Plut,
949 3479 1014 3526 Ibid,
1032 3473 1108 3536 „aad
1127 3470 1158 3519 δὲ
1174 3472 1262 3540 κί’ριος

198 3557 341 3619 ‚dandarum
368 3558 484 3623 κατέστη
510 3556 697 3620 συναγαγόντα
724 3557 778 3605 τῶν
799 3556 853 3604 ἀπὸ
880 3562 974 3622 σκηνῆς
997 3559 1042 3606 καί
1061 3558 1181 3624 θεάτρου
1198 3558 1261 3614 τοὺς

199 3643 402 3703 »ἰταμωτάτους
431 3642 558 3710 ὁσημέραι
571 3645 660 3691 πίνειν
679 3643 724 3690 καί
743 3640 994 3706 διαπληκτίζεσθαι
1011 3650 1067 3698 τοῖς
1084 3640 1262 3701 σκώμμασιν,”

203 3727 221 3790 ³)
248 3735 314 3783 Plut,
340 3735 402 3781 ibid.
430 3738 444 3781 2
471 3738 498 3782 et
523 3738 554 3782 36
577 3732 675 3793 ,,συνη”ν
701 3729 791 3785 μίμοις
808 3726 914 3789 γυναιξί
933 3729 977 3774 καί
996 3727 1197 3793 κιθαριστρίαις
1215 3729 1261 3775 καί

200 3810 357 3872 θυμελικοῖς
373 3809 537 3878 ἀνθρώποις,
555 3813 599 3860 ἐντί
617 3810 753 3875 στιβάδων
770 3811 815 3869 ἀφ’
834 3810 933 3878 ἡμέρας
946 3813 1104 3870 συμπίνων”.
1117 3843 1148 3851 -
1166 3810 1260 3873 ⁴]Plut.

176 3886 179 3890 λ
199 3904 261 3950 ibid.
280 3906 294 3950 2
314 3909 339 3950 et
357 3906 396 3950 36.
416 3929 447 3937 -
467 3895 485 3958 ⁶)
504 3903 584 3951 Nicol.
603 3904 718 3950 Damaso.
737 3903 767 3949 fr.
786 3905 817 3949 al
835 3903 940 3960 Miiller3
958 3899 1058 3957 [Athen.
1068 3904 1110 3960 VI,
1128 3917 1152 3962 p.
1171 3904 1217 3949 261
1238 3900 1260 3958 c]

199 3982 390 4043 ,,ἓμφανι’ζουσι
409 3980 435 4028 δ’
450 3981 536 4029 αὐτοῦ
547 3982 579 4029 τὸ
597 3982 661 4048 περί
671 3981 734 4037 τοὺς
746 3982 841 4040 μίμους
852 3980 898 4027 καὶ
908 3978 1101 4043 γελωτοποιούς
1111 3978 1204 4045 ἱλαρὸν
1214 3982 1259 4028 καί

199 4067 264 4134 „a‘uc‘
296 4067 382 4116 αὐτοῦ
409 4071 552 4134 γραφεῖσαι
579 4067 722 4133 σατυρικαὶ
741 4062 876 4127 κωμῳδίαι
894 4069 929 4128 τῇ
945 4065 1050 4130 πατρίῳ
1067 4063 1166 4128 φωνῇ.”
1190 4095 1221 4104 -
1240 4063 1259 4126 ⁶]

199 4151 347 4220 Ἰλαρωιίοί
366 4158 514 4205 auctoribus
532 4158 655 4205 Strabone
673 4153 746 4214 (XIV,
764 4169 788 4215 p.
808 4151 865 4210 648)
883 4157 910 4203 et
919 4155 1049 4203 Athenaeo
1059 4150 1131 4212 (xiv,
1141 4169 1165 4214 p.
1176 4156 1223 4202 626
1234 4153 1261 4210 dl

201 4244 277 4292 etiam
288 4235 400 4301 σιμῳδοὶ
419 4244 577 4291 vocabantur
594 4257 608 4290 a
625 4242 693 4290 Simo
711 4242 844 4300 Magnete;
863 4243 935 4288 erant
952 4240 984 4297 ei,
998 4239 1041 4299 qui
1051 4238 1126 4287 huius
1136 4239 1259 4287 similisve

200 4332 291 4390 poctac
309 4329 441 4377 cuiusdam
459 4328 570 4377 carmina
587 4327 710 4388 agebant,
730 4326 792 4374 itam
810 4326 834 4376 ei
852 4316 978 4383 λυσιῳδοί
996 4316 1260 4384 στουίτισγηιδοὶ,ηῑιὶ
