<?xml version="1.0" encoding="UTF-8"?>
<!DOCTYPE html PUBLIC "-//W3C//DTD XHTML 1.0 Transitional//EN"
    "http://www.w3.org/TR/xhtml1/DTD/xhtml1-transitional.dtd">
<html xmlns="http://www.w3.org/1999/xhtml" xml:lang="en" lang="en">
 <head>
  <title>
</title>
<meta http-equiv="Content-Type" content="text/html;charset=utf-8" />
  <meta name='ocr-system' content='tesseract 3.04.00' />
  <meta name='ocr-capabilities' content='ocr_page ocr_carea ocr_par ocr_line ocrx_word'/>
</head>
<body>
  <div class='ocr_page' id='page_1' title='image "./quaestionessull00hoekgoog_0136.png"; bbox 0 0 2916 5062; ppageno 0'>
   <div class='ocr_carea' id='block_1_1' title="bbox 702 462 758 523">
    <p class='ocr_par' dir='ltr' id='par_1_1' title="bbox 702 462 758 523">
     <span class='ocr_line' id='line_1_1' title="bbox 702 462 758 523; baseline 0.036 -2"><span class='ocrx_word' id='word_1_1' title='bbox 702 462 758 523; x_wconf 80' lang='lat'>125</span> 
     </span>
    </p>
   </div>
   <div class='ocr_carea' id='block_1_2' title="bbox 193 622 1270 994">
    <p class='ocr_par' dir='ltr' id='par_1_2' title="bbox 193 622 1270 994">
     <span class='ocr_line' id='line_1_2' title="bbox 193 622 1261 699; baseline 0.006 -19"><span class='ocrx_word' id='word_1_2' title='bbox 193 623 248 681; x_wconf 88' lang='lat' dir='ltr'>hae</span> <span class='ocrx_word' id='word_1_3' title='bbox 278 622 367 682; x_wconf 88' lang='lat' dir='ltr'>variis</span> <span class='ocrx_word' id='word_1_4' title='bbox 401 623 497 683; x_wconf 88' lang='lat' dir='ltr'>modis</span> <span class='ocrx_word' id='word_1_5' title='bbox 523 623 579 682; x_wconf 91' lang='lat' dir='ltr'>sibi</span> <span class='ocrx_word' id='word_1_6' title='bbox 600 627 631 683; x_wconf 93' lang='lat' dir='ltr'>et</span> <span class='ocrx_word' id='word_1_7' title='bbox 651 623 750 683; x_wconf 88' lang='lat' dir='ltr'>liberis</span> <span class='ocrx_word' id='word_1_8' title='bbox 771 623 853 699; x_wconf 84' lang='lat' dir='ltr'>ipsae</span> <span class='ocrx_word' id='word_1_9' title='bbox 875 624 1063 685; x_wconf 88' lang='lat' dir='ltr'>consciscunt</span> <span class='ocrx_word' id='word_1_10' title='bbox 1083 626 1261 686; x_wconf 73' lang='lat' dir='ltr'>miserabilia</span> 
     </span>
     <span class='ocr_line' id='line_1_3' title="bbox 196 721 1261 798; baseline 0.004 -19"><span class='ocrx_word' id='word_1_11' title='bbox 196 724 226 779; x_wconf 92' lang='lat' dir='ltr'>et</span> <span class='ocrx_word' id='word_1_12' title='bbox 257 721 375 780; x_wconf 90' lang='lat' dir='ltr'>sinistra</span> <span class='ocrx_word' id='word_1_13' title='bbox 395 725 496 780; x_wconf 86' lang='lat' dir='ltr'>narrat</span> <span class='ocrx_word' id='word_1_14' title='bbox 516 721 704 794; x_wconf 79' lang='lat' dir='ltr'><strong>Plutarchus,</strong></span> <span class='ocrx_word' id='word_1_15' title='bbox 727 722 800 782; x_wconf 89' lang='lat' dir='ltr'>adeo</span> <span class='ocrx_word' id='word_1_16' title='bbox 822 721 929 781; x_wconf 81' lang='lat' dir='ltr'>similia</span> <span class='ocrx_word' id='word_1_17' title='bbox 950 726 1020 782; x_wconf 89' lang='lat' dir='ltr'>sunt</span> <span class='ocrx_word' id='word_1_18' title='bbox 1042 723 1083 782; x_wconf 88' lang='lat' dir='ltr'>eis</span> <span class='ocrx_word' id='word_1_19' title='bbox 1105 740 1180 798; x_wconf 89' lang='lat' dir='ltr'>quae</span> <span class='ocrx_word' id='word_1_20' title='bbox 1202 744 1261 784; x_wconf 91' lang='lat' dir='ltr'>non</span> 
     </span>
     <span class='ocr_line' id='line_1_4' title="bbox 195 819 1261 903; baseline 0.006 -27"><span class='ocrx_word' id='word_1_21' title='bbox 195 819 293 878; x_wconf 90' lang='lat' dir='ltr'>minus</span> <span class='ocrx_word' id='word_1_22' title='bbox 313 819 426 894; x_wconf 86' lang='lat' dir='ltr'>prolixe</span> <span class='ocrx_word' id='word_1_23' title='bbox 448 820 484 878; x_wconf 91' lang='lat' dir='ltr'>ab</span> <span class='ocrx_word' id='word_1_24' title='bbox 506 820 610 879; x_wconf 84' lang='lat' dir='ltr'>Oresio</span> <span class='ocrx_word' id='word_1_25' title='bbox 632 823 798 903; x_wconf 84' lang='lat' dir='ltr'>narrantur,</span> <span class='ocrx_word' id='word_1_26' title='bbox 827 823 863 879; x_wconf 90' lang='lat' dir='ltr'>ut</span> <span class='ocrx_word' id='word_1_27' title='bbox 883 821 997 881; x_wconf 84' lang='lat' dir='ltr'>fontem</span> <span class='ocrx_word' id='word_1_28' title='bbox 1018 821 1143 882; x_wconf 90' lang='lat' dir='ltr'>eundem</span> <span class='ocrx_word' id='word_1_29' title='bbox 1169 823 1261 883; x_wconf 90' lang='lat' dir='ltr'>fuisse</span> 
     </span>
     <span class='ocr_line' id='line_1_5' title="bbox 196 917 1270 994; baseline 0.005 -19"><span class='ocrx_word' id='word_1_30' title='bbox 196 917 297 991; x_wconf 86' lang='lat' dir='ltr'>negari</span> <span class='ocrx_word' id='word_1_31' title='bbox 317 936 376 976; x_wconf 92' lang='lat' dir='ltr'>non</span> <span class='ocrx_word' id='word_1_32' title='bbox 397 918 501 993; x_wconf 77' lang='lat' dir='ltr'>possit,</span> <span class='ocrx_word' id='word_1_33' title='bbox 523 917 640 977; x_wconf 88' lang='lat' dir='ltr'>etiamsi</span> <span class='ocrx_word' id='word_1_34' title='bbox 660 917 697 977; x_wconf 91' lang='lat' dir='ltr'>ad</span> <span class='ocrx_word' id='word_1_35' title='bbox 718 918 797 978; x_wconf 86' lang='lat' dir='ltr'>viros</span> <span class='ocrx_word' id='word_1_36' title='bbox 819 917 931 994; x_wconf 88' lang='lat' dir='ltr'>aliquid</span> <span class='ocrx_word' id='word_1_37' title='bbox 948 919 1065 978; x_wconf 89' lang='lat' dir='ltr'>rettulit</span> <span class='ocrx_word' id='word_1_38' title='bbox 1082 920 1270 980; x_wconf 86' lang='lat' dir='ltr'>Plutarchus.</span> 
     </span>
    </p>
   </div>
   <div class='ocr_carea' id='block_1_3' title="bbox 193 1013 1312 2369">
    <p class='ocr_par' dir='ltr' id='par_1_3' title="bbox 193 1013 1312 2369">
     <span class='ocr_line' id='line_1_6' title="bbox 195 1013 1260 1100; baseline 0.002 -26"><span class='ocrx_word' id='word_1_39' title='bbox 195 1014 276 1090; x_wconf 88' lang='lat' dir='ltr'>quod</span> <span class='ocrx_word' id='word_1_40' title='bbox 308 1013 343 1074; x_wconf 92' lang='lat' dir='ltr'>de</span> <span class='ocrx_word' id='word_1_41' title='bbox 375 1015 549 1074; x_wconf 90' lang='lat' dir='ltr'>mulieribus</span> <span class='ocrx_word' id='word_1_42' title='bbox 580 1015 703 1075; x_wconf 82' lang='lat' dir='ltr'>tradidit</span> <span class='ocrx_word' id='word_1_43' title='bbox 734 1015 866 1076; x_wconf 85' lang='lat' dir='ltr'>Orosius.</span> <span class='ocrx_word' id='word_1_44' title='bbox 907 1016 953 1100; x_wconf 83' lang='lat' dir='ltr'>De</span> <span class='ocrx_word' id='word_1_45' title='bbox 984 1017 1180 1078; x_wconf 81' lang='lat' dir='ltr'>aemulatione</span> <span class='ocrx_word' id='word_1_46' title='bbox 1208 1018 1260 1076; x_wconf 92' lang='lat' dir='ltr'>im·</span> 
     </span>
     <span class='ocr_line' id='line_1_7' title="bbox 193 1113 1260 1193; baseline 0.004 -21"><span class='ocrx_word' id='word_1_47' title='bbox 193 1116 374 1188; x_wconf 87' lang='lat' dir='ltr'>paratorum,</span> <span class='ocrx_word' id='word_1_48' title='bbox 407 1132 535 1189; x_wconf 88' lang='lat' dir='ltr'>quorum</span> <span class='ocrx_word' id='word_1_49' title='bbox 562 1117 688 1190; x_wconf 92' lang='lat' dir='ltr'>uterque</span> <span class='ocrx_word' id='word_1_50' title='bbox 710 1113 836 1189; x_wconf 84' lang='lat' dir='ltr'>gloriam</span> <span class='ocrx_word' id='word_1_51' title='bbox 857 1113 998 1174; x_wconf 85' lang='lat' dir='ltr'>victoriae</span> <span class='ocrx_word' id='word_1_52' title='bbox 1020 1115 1057 1174; x_wconf 92' lang='lat' dir='ltr'>ad</span> <span class='ocrx_word' id='word_1_53' title='bbox 1078 1134 1109 1175; x_wconf 87' lang='lat' dir='ltr'>se</span> <span class='ocrx_word' id='word_1_54' title='bbox 1131 1134 1260 1193; x_wconf 89' lang='lat' dir='ltr'>suosque</span> 
     </span>
     <span class='ocr_line' id='line_1_8' title="bbox 194 1210 1260 1290; baseline 0.005 -22"><span class='ocrx_word' id='word_1_55' title='bbox 194 1210 302 1270; x_wconf 88' lang='lat' dir='ltr'>milites</span> <span class='ocrx_word' id='word_1_56' title='bbox 334 1211 478 1283; x_wconf 88' lang='lat' dir='ltr'>trahebat,</span> <span class='ocrx_word' id='word_1_57' title='bbox 511 1212 547 1270; x_wconf 88' lang='lat' dir='ltr'>de</span> <span class='ocrx_word' id='word_1_58' title='bbox 578 1211 688 1271; x_wconf 91' lang='lat' dir='ltr'>iudicio</span> <span class='ocrx_word' id='word_1_59' title='bbox 721 1211 828 1286; x_wconf 91' lang='lat' dir='ltr'>legatis</span> <span class='ocrx_word' id='word_1_60' title='bbox 859 1211 1069 1272; x_wconf 88' lang='lat' dir='ltr'>Parmensibus</span> <span class='ocrx_word' id='word_1_61' title='bbox 1101 1214 1152 1290; x_wconf 92' lang='lat' dir='ltr'>qui</span> <span class='ocrx_word' id='word_1_62' title='bbox 1183 1214 1260 1273; x_wconf 87' lang='lat' dir='ltr'>sorte</span> 
     </span>
     <span class='ocr_line' id='line_1_9' title="bbox 194 1308 1261 1386; baseline 0.004 -20"><span class='ocrx_word' id='word_1_63' title='bbox 194 1308 315 1368; x_wconf 89' lang='lat' dir='ltr'>aderant</span> <span class='ocrx_word' id='word_1_64' title='bbox 346 1309 531 1381; x_wconf 88' lang='lat' dir='ltr'>demandato,</span> <span class='ocrx_word' id='word_1_65' title='bbox 564 1309 599 1368; x_wconf 92' lang='lat' dir='ltr'>de</span> <span class='ocrx_word' id='word_1_66' title='bbox 633 1309 815 1385; x_wconf 78' lang='lat' dir='ltr'>argumentis</span> <span class='ocrx_word' id='word_1_67' title='bbox 844 1309 952 1386; x_wconf 87' lang='lat' dir='ltr'>quihus</span> <span class='ocrx_word' id='word_1_68' title='bbox 974 1309 1097 1370; x_wconf 88' lang='lat' dir='ltr'>Catulus</span> <span class='ocrx_word' id='word_1_69' title='bbox 1118 1311 1261 1370; x_wconf 90' lang='lat' dir='ltr'>utebatur</span> 
     </span>
     <span class='ocr_line' id='line_1_10' title="bbox 193 1406 1258 1485; baseline 0.005 -21"><span class='ocrx_word' id='word_1_70' title='bbox 193 1409 229 1464; x_wconf 93' lang='lat' dir='ltr'>ut</span> <span class='ocrx_word' id='word_1_71' title='bbox 249 1425 337 1466; x_wconf 93' lang='lat' dir='ltr'>suum</span> <span class='ocrx_word' id='word_1_72' title='bbox 358 1426 421 1467; x_wconf 88' lang='lat' dir='ltr'>essa</span> <span class='ocrx_word' id='word_1_73' title='bbox 443 1406 658 1466; x_wconf 89' lang='lat' dir='ltr'>demonstraret</span> <span class='ocrx_word' id='word_1_74' title='bbox 679 1407 768 1467; x_wconf 90' lang='lat' dir='ltr'>decus</span> <span class='ocrx_word' id='word_1_75' title='bbox 791 1408 967 1480; x_wconf 83' lang='lat' dir='ltr'>certaminis,</span> <span class='ocrx_word' id='word_1_76' title='bbox 991 1409 1170 1468; x_wconf 79' lang='lat' dir='ltr'>Plutarchus</span> <span class='ocrx_word' id='word_1_77' title='bbox 1192 1429 1258 1485; x_wconf 90' lang='lat' dir='ltr'>pro-</span> 
     </span>
     <span class='ocr_line' id='line_1_11' title="bbox 195 1504 1260 1582; baseline 0.003 -20"><span class='ocrx_word' id='word_1_78' title='bbox 195 1504 251 1563; x_wconf 83' lang='lat' dir='ltr'>lixe</span> <span class='ocrx_word' id='word_1_79' title='bbox 283 1505 353 1580; x_wconf 86' lang='lat' dir='ltr'>egit.</span> <span class='ocrx_word' id='word_1_80' title='bbox 395 1504 538 1563; x_wconf 86' lang='lat' dir='ltr'>Praedam</span> <span class='ocrx_word' id='word_1_81' title='bbox 570 1504 742 1565; x_wconf 89' lang='lat' dir='ltr'>dissimilem</span> <span class='ocrx_word' id='word_1_82' title='bbox 773 1505 903 1565; x_wconf 87' lang='lat' dir='ltr'>fecerant</span> <span class='ocrx_word' id='word_1_83' title='bbox 935 1506 1142 1582; x_wconf 84' lang='lat' dir='ltr'>imperatores;</span> <span class='ocrx_word' id='word_1_84' title='bbox 1174 1508 1260 1566; x_wconf 85' lang='lat' dir='ltr'>Marii</span> 
     </span>
     <span class='ocr_line' id='line_1_12' title="bbox 195 1601 1260 1678; baseline 0.004 -18"><span class='ocrx_word' id='word_1_85' title='bbox 195 1601 302 1661; x_wconf 91' lang='lat' dir='ltr'>milites</span> <span class='ocrx_word' id='word_1_86' title='bbox 332 1603 497 1678; x_wconf 87' lang='lat' dir='ltr'>pecuniam,</span> <span class='ocrx_word' id='word_1_87' title='bbox 530 1602 628 1662; x_wconf 88' lang='lat' dir='ltr'>Catuli</span> <span class='ocrx_word' id='word_1_88' title='bbox 659 1603 767 1662; x_wconf 88' lang='lat' dir='ltr'>milites</span> <span class='ocrx_word' id='word_1_89' title='bbox 798 1603 876 1663; x_wconf 89' lang='lat' dir='ltr'>bona</span> <span class='ocrx_word' id='word_1_90' title='bbox 906 1603 1039 1663; x_wconf 89' lang='lat' dir='ltr'>hostium</span> <span class='ocrx_word' id='word_1_91' title='bbox 1070 1604 1208 1664; x_wconf 83' lang='lat' dir='ltr'>attubus</span> <span class='ocrx_word' id='word_1_92' title='bbox 1230 1609 1260 1664; x_wconf 91' lang='lat' dir='ltr'>et</span> 
     </span>
     <span class='ocr_line' id='line_1_13' title="bbox 196 1700 1259 1778; baseline 0.003 -19"><span class='ocrx_word' id='word_1_93' title='bbox 196 1701 279 1775; x_wconf 87' lang='lat' dir='ltr'>signa</span> <span class='ocrx_word' id='word_1_94' title='bbox 309 1700 338 1758; x_wconf 91' lang='lat' dir='ltr'>in</span> <span class='ocrx_word' id='word_1_95' title='bbox 359 1701 472 1777; x_wconf 88' lang='lat' dir='ltr'>proelio</span> <span class='ocrx_word' id='word_1_96' title='bbox 494 1703 652 1777; x_wconf 84' lang='lat' dir='ltr'>ceperant;</span> <span class='ocrx_word' id='word_1_97' title='bbox 675 1700 798 1760; x_wconf 79' lang='lat' dir='ltr'>Catulus</span> <span class='ocrx_word' id='word_1_98' title='bbox 820 1701 849 1759; x_wconf 92' lang='lat' dir='ltr'>in</span> <span class='ocrx_word' id='word_1_99' title='bbox 872 1702 1090 1762; x_wconf 89' lang='lat' dir='ltr'>commentariis</span> <span class='ocrx_word' id='word_1_100' title='bbox 1112 1722 1147 1763; x_wconf 91' lang='lat' dir='ltr'>eo</span> <span class='ocrx_word' id='word_1_101' title='bbox 1169 1721 1259 1778; x_wconf 86' lang='lat' dir='ltr'>argu-</span> 
     </span>
     <span class='ocr_line' id='line_1_14' title="bbox 196 1799 1312 1878; baseline 0.003 -22"><span class='ocrx_word' id='word_1_102' title='bbox 196 1803 294 1858; x_wconf 90' lang='lat' dir='ltr'>mento</span> <span class='ocrx_word' id='word_1_103' title='bbox 326 1817 445 1875; x_wconf 88' lang='lat' dir='ltr'>quoque</span> <span class='ocrx_word' id='word_1_104' title='bbox 476 1818 548 1858; x_wconf 89' lang='lat' dir='ltr'>usus</span> <span class='ocrx_word' id='word_1_105' title='bbox 580 1802 652 1871; x_wconf 80' lang='lat' dir='ltr'>erat,</span> <span class='ocrx_word' id='word_1_106' title='bbox 683 1803 719 1858; x_wconf 91' lang='lat' dir='ltr'>ut</span> <span class='ocrx_word' id='word_1_107' title='bbox 746 1799 914 1858; x_wconf 88' lang='lat' dir='ltr'>ostenderat</span> <span class='ocrx_word' id='word_1_108' title='bbox 951 1819 982 1859; x_wconf 90' lang='lat' dir='ltr'>se</span> <span class='ocrx_word' id='word_1_109' title='bbox 1003 1801 1122 1878; x_wconf 85' lang='lat' dir='ltr'>proprie</span> <span class='ocrx_word' id='word_1_110' title='bbox 1143 1801 1260 1861; x_wconf 89' lang='lat' dir='ltr'>hostem</span> <span class='ocrx_word' id='word_1_111' title='bbox 1309 1805 1312 1809; x_wconf 80' lang='grc'><em>’</em></span> 
     </span>
     <span class='ocr_line' id='line_1_15' title="bbox 196 1897 1259 1973; baseline 0.005 -19"><span class='ocrx_word' id='word_1_112' title='bbox 196 1897 408 1973; x_wconf 87' lang='lat' dir='ltr'>profligavisse.</span> <span class='ocrx_word' id='word_1_113' title='bbox 449 1897 493 1956; x_wconf 84' lang='lat' dir='ltr'>Ea</span> <span class='ocrx_word' id='word_1_114' title='bbox 521 1898 620 1956; x_wconf 91' lang='lat' dir='ltr'>omnia</span> <span class='ocrx_word' id='word_1_115' title='bbox 647 1897 835 1970; x_wconf 82' lang='lat' dir='ltr'>Plutarchus,</span> <span class='ocrx_word' id='word_1_116' title='bbox 858 1917 892 1956; x_wconf 82' lang='lat' dir='ltr'>ex</span> <span class='ocrx_word' id='word_1_117' title='bbox 914 1897 1012 1958; x_wconf 82' lang='lat' dir='ltr'>Sullae</span> <span class='ocrx_word' id='word_1_118' title='bbox 1035 1899 1259 1959; x_wconf 79' lang='lat' dir='ltr'>Commentariis</span> 
     </span>
     <span class='ocr_line' id='line_1_16' title="bbox 196 1995 1259 2072; baseline 0.003 -17"><span class='ocrx_word' id='word_1_119' title='bbox 196 1996 332 2070; x_wconf 86' lang='lat' dir='ltr'>cognita,</span> <span class='ocrx_word' id='word_1_120' title='bbox 367 1996 447 2054; x_wconf 91' lang='lat' dir='ltr'>solus</span> <span class='ocrx_word' id='word_1_121' title='bbox 478 1996 604 2054; x_wconf 87' lang='lat' dir='ltr'>rettulit.</span> <span class='ocrx_word' id='word_1_122' title='bbox 656 1995 714 2054; x_wconf 83' lang='lat' dir='ltr'>Sed</span> <span class='ocrx_word' id='word_1_123' title='bbox 745 1999 869 2072; x_wconf 88' lang='lat' dir='ltr'>apparet</span> <span class='ocrx_word' id='word_1_124' title='bbox 901 1996 990 2055; x_wconf 88' lang='lat' dir='ltr'>etiam</span> <span class='ocrx_word' id='word_1_125' title='bbox 1021 1996 1139 2057; x_wconf 86' lang='lat' dir='ltr'>Livium</span> <span class='ocrx_word' id='word_1_126' title='bbox 1170 1997 1259 2058; x_wconf 90' lang='lat' dir='ltr'>huius</span> 
     </span>
     <span class='ocr_line' id='line_1_17' title="bbox 195 2093 1257 2171; baseline 0.001 -19"><span class='ocrx_word' id='word_1_127' title='bbox 195 2093 410 2152; x_wconf 86' lang='lat' dir='ltr'>controversiae</span> <span class='ocrx_word' id='word_1_128' title='bbox 430 2093 510 2152; x_wconf 90' lang='lat' dir='ltr'>haud</span> <span class='ocrx_word' id='word_1_129' title='bbox 530 2093 667 2168; x_wconf 90' lang='lat' dir='ltr'>ignarum</span> <span class='ocrx_word' id='word_1_130' title='bbox 687 2094 799 2165; x_wconf 81' lang='lat' dir='ltr'>fuissa;</span> <span class='ocrx_word' id='word_1_131' title='bbox 821 2094 869 2152; x_wconf 90' lang='lat' dir='ltr'>hic</span> <span class='ocrx_word' id='word_1_132' title='bbox 890 2113 1010 2171; x_wconf 89' lang='lat' dir='ltr'>quoque</span> <span class='ocrx_word' id='word_1_133' title='bbox 1030 2095 1127 2155; x_wconf 92' lang='lat' dir='ltr'>Catuli</span> <span class='ocrx_word' id='word_1_134' title='bbox 1139 2115 1257 2155; x_wconf 90' lang='lat' dir='ltr'>causam</span> 
     </span>
     <span class='ocr_line' id='line_1_18' title="bbox 195 2191 1258 2268; baseline 0.002 -18"><span class='ocrx_word' id='word_1_135' title='bbox 195 2191 365 2250; x_wconf 86' lang='lat' dir='ltr'>validiorem</span> <span class='ocrx_word' id='word_1_136' title='bbox 397 2210 469 2262; x_wconf 86' lang='lat' dir='ltr'>esse,</span> <span class='ocrx_word' id='word_1_137' title='bbox 498 2195 637 2251; x_wconf 79' lang='lat' dir='ltr'>eventum</span> <span class='ocrx_word' id='word_1_138' title='bbox 657 2192 762 2268; x_wconf 89' lang='lat' dir='ltr'>proelii</span> <span class='ocrx_word' id='word_1_139' title='bbox 782 2192 897 2252; x_wconf 79' lang='lat' dir='ltr'>felicem</span> <span class='ocrx_word' id='word_1_140' title='bbox 919 2193 1045 2253; x_wconf 86' lang='lat' dir='ltr'>maxime</span> <span class='ocrx_word' id='word_1_141' title='bbox 1065 2193 1154 2253; x_wconf 90' lang='lat' dir='ltr'>huius</span> <span class='ocrx_word' id='word_1_142' title='bbox 1176 2194 1258 2252; x_wconf 91' lang='lat' dir='ltr'>indu-</span> 
     </span>
     <span class='ocr_line' id='line_1_19' title="bbox 196 2289 1259 2369; baseline 0.001 -20"><span class='ocrx_word' id='word_1_143' title='bbox 196 2290 283 2349; x_wconf 85' lang='lat' dir='ltr'>striae</span> <span class='ocrx_word' id='word_1_144' title='bbox 304 2290 452 2366; x_wconf 88' lang='lat' dir='ltr'>huiusque</span> <span class='ocrx_word' id='word_1_145' title='bbox 473 2290 602 2349; x_wconf 88' lang='lat' dir='ltr'>militum</span> <span class='ocrx_word' id='word_1_146' title='bbox 620 2290 788 2350; x_wconf 89' lang='lat' dir='ltr'>fortitudini</span> <span class='ocrx_word' id='word_1_147' title='bbox 810 2290 919 2368; x_wconf 85' lang='lat' dir='ltr'>deberi,</span> <span class='ocrx_word' id='word_1_148' title='bbox 943 2289 1066 2352; x_wconf 87' lang='lat' dir='ltr'>censuit.</span> <span class='ocrx_word' id='word_1_149' title='bbox 1089 2291 1147 2351; x_wconf 82' lang='lat' dir='ltr'>Sed</span> <span class='ocrx_word' id='word_1_150' title='bbox 1158 2311 1259 2369; x_wconf 91' lang='lat' dir='ltr'>quam-</span> 
     </span>
    </p>
   </div>
   <div class='ocr_carea' id='block_1_4' title="bbox 196 2387 1366 2466">
    <p class='ocr_par' dir='ltr' id='par_1_4' title="bbox 196 2387 1366 2466">
     <span class='ocr_line' id='line_1_20' title="bbox 196 2387 1366 2466; baseline 0.002 -20"><span class='ocrx_word' id='word_1_151' title='bbox 196 2408 283 2463; x_wconf 88' lang='lat' dir='ltr'>quam</span> <span class='ocrx_word' id='word_1_152' title='bbox 305 2388 369 2446; x_wconf 90' lang='lat' dir='ltr'>fieri</span> <span class='ocrx_word' id='word_1_153' title='bbox 388 2391 489 2463; x_wconf 88' lang='lat' dir='ltr'>potest</span> <span class='ocrx_word' id='word_1_154' title='bbox 509 2399 544 2447; x_wconf 84' lang='lat' dir='ltr'>ut</span> <span class='ocrx_word' id='word_1_155' title='bbox 564 2387 666 2448; x_wconf 86' lang='lat' dir='ltr'>Livius</span> <span class='ocrx_word' id='word_1_156' title='bbox 688 2408 807 2465; x_wconf 87' lang='lat' dir='ltr'>quoque</span> <span class='ocrx_word' id='word_1_157' title='bbox 827 2389 857 2447; x_wconf 93' lang='lat' dir='ltr'>in</span> <span class='ocrx_word' id='word_1_158' title='bbox 880 2409 914 2466; x_wconf 86' lang='lat' dir='ltr'>ea</span> <span class='ocrx_word' id='word_1_159' title='bbox 934 2409 965 2448; x_wconf 88' lang='lat' dir='ltr'>re</span> <span class='ocrx_word' id='word_1_160' title='bbox 987 2389 1154 2450; x_wconf 88' lang='lat' dir='ltr'>adhibuerit</span> <span class='ocrx_word' id='word_1_161' title='bbox 1175 2389 1259 2450; x_wconf 88' lang='lat' dir='ltr'>Com·</span> <span class='ocrx_word' id='word_1_162' title='bbox 1364 2413 1366 2417; x_wconf 66' lang='grc'>’</span> 
     </span>
    </p>
   </div>
   <div class='ocr_carea' id='block_1_5' title="bbox 192 2485 1260 4041">
    <p class='ocr_par' dir='ltr' id='par_1_5' title="bbox 192 2485 1260 4041">
     <span class='ocr_line' id='line_1_21' title="bbox 196 2485 1260 2564; baseline 0.004 -21"><span class='ocrx_word' id='word_1_163' title='bbox 196 2486 355 2546; x_wconf 86' lang='lat' dir='ltr'>mentarios</span> <span class='ocrx_word' id='word_1_164' title='bbox 384 2485 491 2558; x_wconf 82' lang='lat' dir='ltr'>Sullae,</span> <span class='ocrx_word' id='word_1_165' title='bbox 513 2489 612 2545; x_wconf 89' lang='lat' dir='ltr'>tamen</span> <span class='ocrx_word' id='word_1_166' title='bbox 634 2486 664 2544; x_wconf 93' lang='lat' dir='ltr'>id</span> <span class='ocrx_word' id='word_1_167' title='bbox 685 2490 852 2547; x_wconf 89' lang='lat' dir='ltr'>statuamus</span> <span class='ocrx_word' id='word_1_168' title='bbox 873 2507 991 2547; x_wconf 89' lang='lat' dir='ltr'>necesse</span> <span class='ocrx_word' id='word_1_169' title='bbox 1012 2507 1071 2547; x_wconf 92' lang='lat' dir='ltr'>non</span> <span class='ocrx_word' id='word_1_170' title='bbox 1093 2491 1156 2560; x_wconf 90' lang='lat' dir='ltr'>sst;</span> <span class='ocrx_word' id='word_1_171' title='bbox 1179 2489 1260 2564; x_wconf 91' lang='lat' dir='ltr'>quod</span> 
     </span>
     <span class='ocr_line' id='line_1_22' title="bbox 196 2584 1259 2661; baseline 0.004 -19"><span class='ocrx_word' id='word_1_172' title='bbox 196 2585 276 2660; x_wconf 91' lang='lat' dir='ltr'>apud</span> <span class='ocrx_word' id='word_1_173' title='bbox 306 2584 369 2643; x_wconf 89' lang='lat' dir='ltr'>eius</span> <span class='ocrx_word' id='word_1_174' title='bbox 390 2584 554 2644; x_wconf 88' lang='lat' dir='ltr'>imitatores</span> <span class='ocrx_word' id='word_1_175' title='bbox 576 2584 611 2643; x_wconf 89' lang='lat' dir='ltr'>de</span> <span class='ocrx_word' id='word_1_176' title='bbox 633 2604 667 2643; x_wconf 89' lang='lat' dir='ltr'>ea</span> <span class='ocrx_word' id='word_1_177' title='bbox 687 2604 718 2644; x_wconf 87' lang='lat' dir='ltr'>re</span> <span class='ocrx_word' id='word_1_178' title='bbox 739 2585 826 2645; x_wconf 90' lang='lat' dir='ltr'>hodie</span> <span class='ocrx_word' id='word_1_179' title='bbox 847 2585 965 2661; x_wconf 81' lang='lat' dir='ltr'>legitur,</span> <span class='ocrx_word' id='word_1_180' title='bbox 987 2585 1018 2643; x_wconf 94' lang='lat' dir='ltr'>id</span> <span class='ocrx_word' id='word_1_181' title='bbox 1038 2585 1128 2645; x_wconf 88' lang='lat' dir='ltr'>etiam</span> <span class='ocrx_word' id='word_1_182' title='bbox 1149 2586 1259 2646; x_wconf 88' lang='lat' dir='ltr'>directe</span> 
     </span>
     <span class='ocr_line' id='line_1_23' title="bbox 196 2682 1259 2759; baseline 0.003 -19"><span class='ocrx_word' id='word_1_183' title='bbox 196 2703 212 2740; x_wconf 90' lang='lat' dir='ltr'>a</span> <span class='ocrx_word' id='word_1_184' title='bbox 232 2682 317 2742; x_wconf 87' lang='lat' dir='ltr'>Livio</span> <span class='ocrx_word' id='word_1_185' title='bbox 339 2682 487 2758; x_wconf 84' lang='lat' dir='ltr'>exipsius</span> <span class='ocrx_word' id='word_1_186' title='bbox 509 2682 607 2741; x_wconf 89' lang='lat' dir='ltr'>Catuli</span> <span class='ocrx_word' id='word_1_187' title='bbox 629 2683 846 2742; x_wconf 89' lang='lat' dir='ltr'>commentariis</span> <span class='ocrx_word' id='word_1_188' title='bbox 868 2684 946 2742; x_wconf 91' lang='lat' dir='ltr'>sumi</span> <span class='ocrx_word' id='word_1_189' title='bbox 966 2683 1075 2759; x_wconf 81' lang='lat' dir='ltr'>potuit,</span> <span class='ocrx_word' id='word_1_190' title='bbox 1096 2705 1164 2743; x_wconf 90' lang='lat' dir='ltr'>nam</span> <span class='ocrx_word' id='word_1_191' title='bbox 1185 2684 1259 2743; x_wconf 90' lang='lat' dir='ltr'>nihil</span> 
     </span>
     <span class='ocr_line' id='line_1_24' title="bbox 192 2780 1257 2858; baseline 0.004 -20"><span class='ocrx_word' id='word_1_192' title='bbox 192 2781 273 2840; x_wconf 90' lang='lat' dir='ltr'>aliud</span> <span class='ocrx_word' id='word_1_193' title='bbox 293 2784 338 2839; x_wconf 87' lang='lat' dir='ltr'>cst</span> <span class='ocrx_word' id='word_1_194' title='bbox 359 2800 449 2857; x_wconf 89' lang='lat' dir='ltr'>quam</span> <span class='ocrx_word' id='word_1_195' title='bbox 470 2780 544 2839; x_wconf 93' lang='lat' dir='ltr'>illud</span> <span class='ocrx_word' id='word_1_196' title='bbox 564 2784 773 2857; x_wconf 84' lang='lat' dir='ltr'>argumentum</span> <span class='ocrx_word' id='word_1_197' title='bbox 795 2802 830 2841; x_wconf 87' lang='lat' dir='ltr'>ex</span> <span class='ocrx_word' id='word_1_198' title='bbox 851 2800 957 2857; x_wconf 82' lang='lat' dir='ltr'>genere</span> <span class='ocrx_word' id='word_1_199' title='bbox 976 2781 1101 2858; x_wconf 89' lang='lat' dir='ltr'>praedae</span> <span class='ocrx_word' id='word_1_200' title='bbox 1119 2783 1257 2858; x_wconf 86' lang='lat' dir='ltr'>petitum,</span> 
     </span>
     <span class='ocr_line' id='line_1_25' title="bbox 195 2878 1256 2954; baseline 0.004 -16"><span class='ocrx_word' id='word_1_201' title='bbox 195 2899 254 2954; x_wconf 92' lang='lat' dir='ltr'>quo</span> <span class='ocrx_word' id='word_1_202' title='bbox 287 2878 426 2938; x_wconf 78' lang='lat' dir='ltr'>Catulum</span> <span class='ocrx_word' id='word_1_203' title='bbox 458 2879 557 2954; x_wconf 90' lang='lat' dir='ltr'>ipsum</span> <span class='ocrx_word' id='word_1_204' title='bbox 588 2879 618 2937; x_wconf 92' lang='lat' dir='ltr'>in</span> <span class='ocrx_word' id='word_1_205' title='bbox 650 2880 867 2939; x_wconf 87' lang='lat' dir='ltr'>commentariis</span> <span class='ocrx_word' id='word_1_206' title='bbox 899 2899 988 2939; x_wconf 89' lang='lat' dir='ltr'>usum</span> <span class='ocrx_word' id='word_1_207' title='bbox 1020 2899 1083 2940; x_wconf 84' lang='lat' dir='ltr'>asse</span> <span class='ocrx_word' id='word_1_208' title='bbox 1110 2881 1256 2941; x_wconf 85' lang='lat' dir='ltr'>novimus.</span> 
     </span>
     <span class='ocr_line' id='line_1_26' title="bbox 194 2976 1257 3056; baseline 0.005 -23"><span class='ocrx_word' id='word_1_209' title='bbox 194 2976 292 3035; x_wconf 87' lang='lat' dir='ltr'>Verba</span> <span class='ocrx_word' id='word_1_210' title='bbox 313 2976 435 3037; x_wconf 83' lang='lat' dir='ltr'>Liviana</span> <span class='ocrx_word' id='word_1_211' title='bbox 456 2993 531 3052; x_wconf 89' lang='lat' dir='ltr'>quae</span> <span class='ocrx_word' id='word_1_212' title='bbox 553 2997 588 3037; x_wconf 89' lang='lat' dir='ltr'>eo</span> <span class='ocrx_word' id='word_1_213' title='bbox 608 2978 757 3054; x_wconf 88' lang='lat' dir='ltr'>pertinent</span> <span class='ocrx_word' id='word_1_214' title='bbox 778 2978 850 3037; x_wconf 91' lang='lat' dir='ltr'>haec</span> <span class='ocrx_word' id='word_1_215' title='bbox 871 2981 949 3050; x_wconf 88' lang='lat' dir='ltr'>sunt,</span> <span class='ocrx_word' id='word_1_216' title='bbox 972 2978 1052 3054; x_wconf 89' lang='lat' dir='ltr'>apud</span> <span class='ocrx_word' id='word_1_217' title='bbox 1062 2978 1257 3056; x_wconf 83' lang='lat' dir='ltr'>Eutropium:</span> 
     </span>
     <span class='ocr_line' id='line_1_27' title="bbox 196 3074 1256 3150; baseline 0.006 -19"><span class='ocrx_word' id='word_1_218' title='bbox 196 3075 321 3146; x_wconf 78' lang='lat' dir='ltr'>„iterum</span> <span class='ocrx_word' id='word_1_219' title='bbox 352 3094 369 3132; x_wconf 90' lang='lat' dir='ltr'>a</span> <span class='ocrx_word' id='word_1_220' title='bbox 401 3075 431 3134; x_wconf 93' lang='lat' dir='ltr'>C.</span> <span class='ocrx_word' id='word_1_221' title='bbox 460 3075 554 3134; x_wconf 90' lang='lat' dir='ltr'>Mario</span> <span class='ocrx_word' id='word_1_222' title='bbox 576 3075 661 3145; x_wconf 82' lang='lat' dir='ltr'>etQ.</span> <span class='ocrx_word' id='word_1_223' title='bbox 684 3074 790 3135; x_wconf 87' lang='lat' dir='ltr'>Catulo</span> <span class='ocrx_word' id='word_1_224' title='bbox 813 3079 914 3135; x_wconf 89' lang='lat' dir='ltr'>contra</span> <span class='ocrx_word' id='word_1_225' title='bbox 936 3095 985 3135; x_wconf 85' lang='lat' dir='ltr'>eos</span> <span class='ocrx_word' id='word_1_226' title='bbox 1008 3076 1180 3136; x_wconf 88' lang='lat' dir='ltr'>dimicatum</span> <span class='ocrx_word' id='word_1_227' title='bbox 1202 3082 1256 3150; x_wconf 86' lang='lat' dir='ltr'>est,</span> 
     </span>
     <span class='ocr_line' id='line_1_28' title="bbox 197 3173 1257 3252; baseline 0.003 -21"><span class='ocrx_word' id='word_1_228' title='bbox 197 3174 262 3243; x_wconf 82' lang='lat' dir='ltr'>„aed</span> <span class='ocrx_word' id='word_1_229' title='bbox 282 3191 302 3230; x_wconf 84' lang='lat' dir='ltr'>a</span> <span class='ocrx_word' id='word_1_230' title='bbox 328 3174 426 3232; x_wconf 82' lang='lat' dir='ltr'>Catuli</span> <span class='ocrx_word' id='word_1_231' title='bbox 440 3179 530 3248; x_wconf 80' lang='lat' dir='ltr'>purte</span> <span class='ocrx_word' id='word_1_232' title='bbox 549 3173 663 3246; x_wconf 81' lang='lat' dir='ltr'>felicius</span> <span class='ocrx_word' id='word_1_233' title='bbox 753 3173 811 3232; x_wconf 90' lang='lat' dir='ltr'>triu</span> <span class='ocrx_word' id='word_1_234' title='bbox 831 3177 862 3232; x_wconf 90' lang='lat' dir='ltr'>et</span> <span class='ocrx_word' id='word_1_235' title='bbox 882 3173 1005 3250; x_wconf 88' lang='lat' dir='ltr'>triginta</span> <span class='ocrx_word' id='word_1_236' title='bbox 1026 3174 1151 3234; x_wconf 90' lang='lat' dir='ltr'>Cimbris</span> <span class='ocrx_word' id='word_1_237' title='bbox 1174 3175 1257 3252; x_wconf 90' lang='lat' dir='ltr'>signa</span> 
     </span>
     <span class='ocr_line' id='line_1_29' title="bbox 197 3269 1258 3348; baseline 0.004 -20"><span class='ocrx_word' id='word_1_238' title='bbox 197 3269 330 3341; x_wconf 80' lang='lat' dir='ltr'>„sublata</span> <span class='ocrx_word' id='word_1_239' title='bbox 360 3273 437 3329; x_wconf 88' lang='lat' dir='ltr'>sunt.</span> <span class='ocrx_word' id='word_1_240' title='bbox 479 3269 523 3328; x_wconf 84' lang='lat' dir='ltr'>Ex</span> <span class='ocrx_word' id='word_1_241' title='bbox 544 3270 589 3329; x_wconf 90' lang='lat' dir='ltr'>his</span> <span class='ocrx_word' id='word_1_242' title='bbox 611 3271 756 3330; x_wconf 84' lang='lat' dir='ltr'>exercitus</span> <span class='ocrx_word' id='word_1_243' title='bbox 778 3271 864 3330; x_wconf 88' lang='lat' dir='ltr'>Marii</span> <span class='ocrx_word' id='word_1_244' title='bbox 885 3271 944 3331; x_wconf 92' lang='lat' dir='ltr'>duo</span> <span class='ocrx_word' id='word_1_245' title='bbox 965 3273 1137 3348; x_wconf 85' lang='lat' dir='ltr'>reportavit,</span> <span class='ocrx_word' id='word_1_246' title='bbox 1160 3272 1258 3333; x_wconf 88' lang='lat' dir='ltr'>Catuli</span> 
     </span>
     <span class='ocr_line' id='line_1_30' title="bbox 197 3367 1256 3444; baseline 0.004 -18"><span class='ocrx_word' id='word_1_247' title='bbox 197 3367 358 3439; x_wconf 75' lang='lat' dir='ltr'>„exercitus</span> <span class='ocrx_word' id='word_1_248' title='bbox 370 3367 493 3442; x_wconf 89' lang='lat' dir='ltr'>triginta</span> <span class='ocrx_word' id='word_1_249' title='bbox 504 3371 534 3426; x_wconf 90' lang='lat' dir='ltr'>et</span> <span class='ocrx_word' id='word_1_250' title='bbox 548 3373 660 3427; x_wconf 88' lang='lat' dir='ltr'>unum’&#39;</span> <span class='ocrx_word' id='word_1_251' title='bbox 674 3369 705 3443; x_wconf 81' lang='lat'>1).</span> <span class='ocrx_word' id='word_1_252' title='bbox 720 3405 754 3412; x_wconf 93' lang='lat'>—</span> <span class='ocrx_word' id='word_1_253' title='bbox 775 3369 861 3439; x_wconf 82' lang='lat' dir='ltr'>Quod</span> <span class='ocrx_word' id='word_1_254' title='bbox 872 3369 909 3427; x_wconf 90' lang='lat' dir='ltr'>ad</span> <span class='ocrx_word' id='word_1_255' title='bbox 920 3369 1015 3444; x_wconf 89' lang='lat' dir='ltr'>ipsam</span> <span class='ocrx_word' id='word_1_256' title='bbox 1026 3371 1256 3431; x_wconf 85' lang='lat' dir='ltr'>controversiam</span> 
     </span>
     <span class='ocr_line' id='line_1_31' title="bbox 193 3465 1257 3542; baseline 0.003 -18"><span class='ocrx_word' id='word_1_257' title='bbox 193 3466 309 3536; x_wconf 87' lang='lat' dir='ltr'>attinet,</span> <span class='ocrx_word' id='word_1_258' title='bbox 337 3465 527 3524; x_wconf 89' lang='lat' dir='ltr'>manifestum</span> <span class='ocrx_word' id='word_1_259' title='bbox 555 3469 609 3537; x_wconf 88' lang='lat' dir='ltr'>est,</span> <span class='ocrx_word' id='word_1_260' title='bbox 637 3467 690 3526; x_wconf 88' lang='lat' dir='ltr'>has</span> <span class='ocrx_word' id='word_1_261' title='bbox 712 3466 844 3542; x_wconf 86' lang='lat' dir='ltr'>argutias</span> <span class='ocrx_word' id='word_1_262' title='bbox 865 3486 987 3542; x_wconf 87' lang='lat' dir='ltr'>prorsus</span> <span class='ocrx_word' id='word_1_263' title='bbox 1008 3467 1081 3525; x_wconf 90' lang='lat' dir='ltr'>nihil</span> <span class='ocrx_word' id='word_1_264' title='bbox 1101 3468 1197 3528; x_wconf 83' lang='lat' dir='ltr'>valere</span> <span class='ocrx_word' id='word_1_265' title='bbox 1219 3469 1257 3527; x_wconf 88' lang='lat' dir='ltr'>ad</span> 
     </span>
     <span class='ocr_line' id='line_1_32' title="bbox 194 3563 1255 3642; baseline 0.003 -20"><span class='ocrx_word' id='word_1_266' title='bbox 194 3563 332 3622; x_wconf 89' lang='lat' dir='ltr'>Catulum</span> <span class='ocrx_word' id='word_1_267' title='bbox 353 3563 447 3623; x_wconf 88' lang='lat' dir='ltr'>Mario</span> <span class='ocrx_word' id='word_1_268' title='bbox 468 3564 706 3640; x_wconf 87' lang='lat' dir='ltr'>anteponendum</span> <span class='ocrx_word' id='word_1_269' title='bbox 728 3565 774 3623; x_wconf 86' lang='lat' dir='ltr'>vel</span> <span class='ocrx_word' id='word_1_270' title='bbox 792 3565 881 3623; x_wconf 88' lang='lat' dir='ltr'>etiam</span> <span class='ocrx_word' id='word_1_271' title='bbox 899 3565 1094 3642; x_wconf 88' lang='lat' dir='ltr'>aequandum.</span> <span class='ocrx_word' id='word_1_272' title='bbox 1132 3566 1255 3626; x_wconf 89' lang='lat' dir='ltr'>Catulus</span> 
     </span>
     <span class='ocr_line' id='line_1_33' title="bbox 194 3661 1255 3739; baseline 0.003 -19"><span class='ocrx_word' id='word_1_273' title='bbox 194 3661 309 3720; x_wconf 85' lang='lat' dir='ltr'>etiamsi</span> <span class='ocrx_word' id='word_1_274' title='bbox 340 3661 369 3718; x_wconf 93' lang='lat' dir='ltr'>in</span> <span class='ocrx_word' id='word_1_275' title='bbox 397 3661 452 3720; x_wconf 92' lang='lat' dir='ltr'>hac</span> <span class='ocrx_word' id='word_1_276' title='bbox 472 3681 574 3739; x_wconf 88' lang='lat' dir='ltr'>pugna</span> <span class='ocrx_word' id='word_1_277' title='bbox 596 3663 676 3721; x_wconf 89' lang='lat' dir='ltr'>solus</span> <span class='ocrx_word' id='word_1_278' title='bbox 699 3662 871 3722; x_wconf 86' lang='lat' dir='ltr'>certavisset</span> <span class='ocrx_word' id='word_1_279' title='bbox 894 3697 929 3706; x_wconf 97' lang='lat'>—</span> <span class='ocrx_word' id='word_1_280' title='bbox 952 3663 1033 3739; x_wconf 89' lang='lat' dir='ltr'>quod</span> <span class='ocrx_word' id='word_1_281' title='bbox 1055 3665 1133 3722; x_wconf 88' lang='lat' dir='ltr'>carte</span> <span class='ocrx_word' id='word_1_282' title='bbox 1155 3683 1255 3724; x_wconf 88' lang='lat' dir='ltr'>conce·</span> 
     </span>
     <span class='ocr_line' id='line_1_34' title="bbox 193 3759 1254 3837; baseline 0.005 -21"><span class='ocrx_word' id='word_1_283' title='bbox 193 3759 322 3817; x_wconf 86' lang='lat' dir='ltr'>dandum</span> <span class='ocrx_word' id='word_1_284' title='bbox 353 3779 411 3818; x_wconf 91' lang='lat' dir='ltr'>non</span> <span class='ocrx_word' id='word_1_285' title='bbox 439 3764 484 3819; x_wconf 90' lang='lat' dir='ltr'>est</span> <span class='ocrx_word' id='word_1_286' title='bbox 507 3795 541 3804; x_wconf 91' lang='lat'><em>-</em></span> <span class='ocrx_word' id='word_1_287' title='bbox 565 3764 663 3819; x_wconf 92' lang='lat' dir='ltr'>tamen</span> <span class='ocrx_word' id='word_1_288' title='bbox 684 3760 844 3819; x_wconf 90' lang='lat' dir='ltr'>tenendum</span> <span class='ocrx_word' id='word_1_289' title='bbox 865 3764 951 3832; x_wconf 89' lang='lat' dir='ltr'>esset,</span> <span class='ocrx_word' id='word_1_290' title='bbox 973 3761 1003 3819; x_wconf 91' lang='lat' dir='ltr'>id</span> <span class='ocrx_word' id='word_1_291' title='bbox 1024 3761 1122 3837; x_wconf 89' lang='lat' dir='ltr'>ipsum</span> <span class='ocrx_word' id='word_1_292' title='bbox 1139 3766 1175 3821; x_wconf 91' lang='lat' dir='ltr'>ut</span> <span class='ocrx_word' id='word_1_293' title='bbox 1196 3781 1254 3821; x_wconf 89' lang='lat' dir='ltr'>car-</span> 
     </span>
     <span class='ocr_line' id='line_1_35' title="bbox 192 3856 1254 3933; baseline 0.001 -17"><span class='ocrx_word' id='word_1_294' title='bbox 192 3860 255 3916; x_wconf 88' lang='lat' dir='ltr'>tare</span> <span class='ocrx_word' id='word_1_295' title='bbox 277 3860 307 3915; x_wconf 89' lang='lat' dir='ltr'>et</span> <span class='ocrx_word' id='word_1_296' title='bbox 327 3857 443 3916; x_wconf 86' lang='lat' dir='ltr'>vincere</span> <span class='ocrx_word' id='word_1_297' title='bbox 464 3862 574 3933; x_wconf 88' lang='lat' dir='ltr'>posset,</span> <span class='ocrx_word' id='word_1_298' title='bbox 596 3858 690 3917; x_wconf 89' lang='lat' dir='ltr'>Mario</span> <span class='ocrx_word' id='word_1_299' title='bbox 712 3857 819 3917; x_wconf 88' lang='lat' dir='ltr'>deberi.</span> <span class='ocrx_word' id='word_1_300' title='bbox 846 3856 929 3917; x_wconf 89' lang='lat' dir='ltr'>Licet</span> <span class='ocrx_word' id='word_1_301' title='bbox 941 3859 1080 3918; x_wconf 88' lang='lat' dir='ltr'>Catulum</span> <span class='ocrx_word' id='word_1_302' title='bbox 1091 3859 1128 3919; x_wconf 90' lang='lat' dir='ltr'>ad</span> <span class='ocrx_word' id='word_1_303' title='bbox 1140 3861 1254 3919; x_wconf 91' lang='lat' dir='ltr'>coelum</span> 
     </span>
     <span class='ocr_line' id='line_1_36' title="bbox 193 3954 1254 4041; baseline 0.002 -27"><span class='ocrx_word' id='word_1_304' title='bbox 193 3954 341 4014; x_wconf 83' lang='lat' dir='ltr'>evexerint</span> <span class='ocrx_word' id='word_1_305' title='bbox 369 3955 528 4030; x_wconf 89' lang='lat' dir='ltr'>optimates</span> <span class='ocrx_word' id='word_1_306' title='bbox 549 3956 683 4028; x_wconf 85' lang='lat' dir='ltr'>Romani,</span> <span class='ocrx_word' id='word_1_307' title='bbox 706 3956 757 4034; x_wconf 91' lang='lat' dir='ltr'>qui</span> <span class='ocrx_word' id='word_1_308' title='bbox 778 3956 853 4018; x_wconf 81' lang='lat' dir='ltr'>ferre</span> <span class='ocrx_word' id='word_1_309' title='bbox 873 3974 933 4016; x_wconf 91' lang='lat' dir='ltr'>non</span> <span class='ocrx_word' id='word_1_310' title='bbox 952 3959 1075 4039; x_wconf 85' lang='lat' dir='ltr'>possent</span> <span class='ocrx_word' id='word_1_311' title='bbox 1094 3957 1169 4016; x_wconf 90' lang='lat' dir='ltr'>hanc</span> <span class='ocrx_word' id='word_1_312' title='bbox 1189 3958 1254 4041; x_wconf 83' lang='lat' dir='ltr'>glo·</span> 
     </span>
    </p>
   </div>
   <div class='ocr_carea' id='block_1_6' title="bbox 228 4320 456 4399">
    <p class='ocr_par' dir='ltr' id='par_1_6' title="bbox 228 4320 456 4399">
     <span class='ocr_line' id='line_1_37' title="bbox 228 4320 456 4399; baseline 0.004 -21"><span class='ocrx_word' id='word_1_313' title='bbox 228 4320 245 4384; x_wconf 83' lang='lat'>¹)</span> <span class='ocrx_word' id='word_1_314' title='bbox 263 4329 369 4399; x_wconf 84' lang='lat' dir='ltr'>Eutrop.</span> <span class='ocrx_word' id='word_1_315' title='bbox 388 4330 417 4390; x_wconf 85' lang='lat' dir='ltr'>V,</span> <span class='ocrx_word' id='word_1_316' title='bbox 434 4333 456 4387; x_wconf 66' lang='lat'>2„</span> 
     </span>
    </p>
   </div>
   <div class='ocr_carea' id='block_1_7' title="bbox 0 0 1462 5062">
    <p class='ocr_par' dir='ltr' id='par_1_7' title="bbox 0 0 1462 5062">
     <span class='ocr_line' id='line_1_38' title="bbox 0 0 1462 5062; baseline 0 0"><span class='ocrx_word' id='word_1_317' title='bbox 0 0 1462 5062; x_wconf 95' lang='lat' dir='ltr'> </span> 
     </span>
    </p>
   </div>
  </div>
 </body>
</html>
