2916 5062
632 486 671 544 51

115 647 181 718 Dio,
213 647 386 722 transfugas
418 648 484 707 illos
513 648 670 706 aMetello
692 665 755 704 csse
777 646 898 705 occisos.
941 645 1082 720 Sequitur
1103 645 1182 722 apud

117 745 249 814 Dionem,
282 745 450 820 pactionem
483 744 520 803 ob
552 745 604 802 has
634 763 737 802 causas
766 765 783 800 a
803 743 923 800 Metello
946 763 1014 800 cum
1035 743 1182 818 Iugurtha

115 844 221 901 factam
253 862 312 901 non
344 862 417 912 esse,
449 842 578 916 primum
608 841 688 915 quod
717 841 864 915 Iugurtha
886 840 923 897 ad
944 840 1098 899 Metellum
1119 842 1182 916 ipse

114 940 210 1000 venire
248 941 385 1010 noluerit,
423 940 527 998 deinde
561 940 640 1014 quod
672 939 783 997 Marius
815 939 931 1014 legatus
964 943 994 997 et
1029 940 1180 1010 „Gnaeus”

113 1039 232 1113 quidam
263 1039 348 1097 nobis
381 1039 501 1113 ignotus
535 1039 578 1096 rei
609 1038 849 1112 repugnaverint.
892 1037 1006 1095 Neutra
1034 1057 1080 1096 res
1103 1037 1182 1113 apud

114 1136 285 1194 Sallustium
313 1136 432 1210 legitur.
476 1135 602 1194 Omnino
635 1155 757 1210 prorsus
779 1154 890 1193 novum
912 1138 957 1193 est
977 1136 1104 1193 Marium
1126 1136 1182 1194 hoc

114 1234 200 1293 modo
221 1233 287 1309 paci
309 1233 469 1292 obstitisse.
512 1233 593 1302 Quae
615 1233 671 1291 Dio
693 1233 879 1308 paragrapho
902 1236 1009 1308 quarta
1030 1233 1123 1291 tradit
1145 1233 1181 1291 de

115 1332 218 1402 causis,
241 1350 294 1389 cur
316 1317 420 1389 Gauda
441 1331 533 1389 iratus
555 1332 646 1390 fuerit
667 1331 796 1401 Metello,
813 1330 915 1388 eadem
932 1331 1052 1404 quidem
1065 1334 1182 1389 exstant

114 1429 191 1504 apud
221 1429 396 1488 Sallustium
419 1429 450 1502 1),
481 1428 532 1486 sed
554 1432 652 1486 tamen
673 1448 762 1485 unam
784 1448 846 1486 rem
868 1428 982 1486 addidit
1003 1429 1069 1499 Dio,
1092 1445 1181 1502 quam

115 1527 270 1585 Sallustius
301 1545 360 1584 non
392 1525 490 1596 habet,
524 1524 658 1583 Gaudam
693 1526 783 1584 etiam
803 1526 944 1600 petivisse
967 1546 983 1583 a
1004 1527 1124 1584 Metello
1146 1530 1181 1584 ut

116 1625 169 1682 sibi
191 1624 428 1683 condonarentur
449 1624 629 1698 transfugae,
653 1623 741 1697 idque
764 1623 790 1681 ei
811 1626 982 1681 recusatum
1004 1643 1075 1682 esse.
1104 1623 1180 1682 Sasu

115 1742 172 1782 non
202 1723 314 1780 factum
347 1740 409 1779 esse
442 1721 560 1780 videtur
591 1721 672 1797 quod
700 1720 858 1779 Sallustius
888 1741 1035 1796 nusquam
1056 1721 1180 1780 verbum

114 1821 183 1879 fecit
204 1820 239 1878 de
261 1820 375 1878 ratione
397 1838 456 1896 qua
476 1819 530 1878 hos
552 1820 721 1894 transfugas
744 1819 916 1878 tractaverit
937 1820 1089 1890 Metellus3
1117 1820 1181 1878 fieri

115 1921 213 1994 potest
234 1920 286 1975 aut
307 1920 342 1975 ut
363 1917 425 1992 ipse
448 1916 579 1975 omiserit
601 1917 681 1992 quod
703 1917 737 1975 de
760 1936 793 1974 ea
814 1936 845 1975 re
867 1916 1027 1974 tradiderat
1040 1917 1179 1986 Rutilius,

117 2019 176 2086 aut,
199 2015 279 2090 quod
300 2015 426 2073 fortasse
448 2014 636 2073 verisimilius
659 2018 712 2084 est,
735 2014 882 2073 Rutilium
904 2015 1002 2090 ipsum
1023 2015 1097 2072 hanc
1118 2034 1180 2072 rem

116 2113 258 2183 tacuisse3
288 2132 322 2170 ex
343 2112 481 2188 Appiano
502 2112 561 2170 iam
584 2132 674 2187 supra
696 2111 720 2184 2)
743 2113 935 2187 cognovimus
957 2132 1022 2170 earn
1042 2132 1104 2170 rem
1126 2113 1180 2169 im·

116 2211 218 2286 primis
249 2211 370 2269 Metello
392 2210 506 2268 crimini
527 2211 636 2268 factam
657 2229 720 2268 esse
742 2209 778 2267 ab
800 2210 863 2268 eius
881 2210 1064 2268 adversariis.
1092 2211 1180 2267 Prae·

116 2313 194 2367 terea
225 2309 282 2366 Dio
313 2308 341 2365 in
374 2307 428 2366 hac
459 2311 544 2383 parte
575 2326 696 2383 prorsus
729 2328 745 2364 a
777 2306 917 2366 Sallustio
939 2307 1050 2366 recedit
1071 2307 1180 2367 iudicio

118 2407 258 2466 acerrimo
284 2409 314 2464 et
339 2405 441 2464 hostili
462 2406 543 2481 quod
565 2405 600 2463 de
622 2405 714 2464 Mario
736 2405 807 2464 tulit
828 2405 862 2478 ³).
904 2406 948 2464 De
970 2408 1090 2463 auctore
1111 2404 1180 2464 Dio·

117 2506 161 2563 nis
182 2525 239 2564 nou
261 2505 331 2563 licet
352 2505 514 2580 quidquam
536 2504 688 2574 affirmare,
710 2523 746 2561 ne
768 2504 900 2563 conicere
922 2503 1050 2578 quidem.
1093 2503 1124 2561 Si
1145 2523 1180 2561 ex

118 2601 201 2662 Livio
223 2602 332 2672 hausit,
356 2605 433 2660 certe
455 2601 609 2671 acerbitas,
632 2621 690 2676 qua
711 2601 838 2659 Marium
860 2600 1026 2677 opprobriis
1047 2601 1179 2660 hocloco

119 2700 244 2770 conficit,
266 2699 324 2774 ipsi
344 2699 432 2758 Dioni
453 2699 610 2757 tribuenda
631 2702 684 2757 est.

106 2812 109 2819 ·
158 2797 203 2855 Ex
225 2798 275 2868 eiS,
299 2816 374 2873 quae
396 2815 486 2872 supra
508 2796 725 2871 disputavimus
746 2797 779 2870 4),
802 2797 940 2872 apparuit
954 2796 1036 2854 iuxta
1048 2796 1180 2854 Sallustii

118 2899 147 2953 et
168 2894 321 2953 Plutarchi
341 2895 549 2963 narrationem,
572 2914 647 2970 quae
669 2894 704 2953 de
726 2895 783 2952 illis
805 2894 988 2969 temporibus
1010 2894 1047 2968 (a.
1073 2893 1179 2952 1090-

120 2991 224 3064 107¹¹¹¹¹)
247 2992 317 3066 egit,
340 2992 413 3050 duas
435 2993 516 3062 aliae,
538 2992 614 3049 Livii
637 2996 667 3050 et
687 2992 825 3067 Appiani,
849 2992 884 3050 ab
906 2992 956 3049 illa
976 3011 1035 3050 non
1056 2992 1181 3067 penden-

118 3095 162 3150 tes
185 3090 341 3149 exstitisse.
384 3090 465 3148 Num
486 3090 516 3146 in
537 3090 590 3148 has
613 3090 758 3164 quaedam
780 3090 924 3149 aRutilio
942 3090 1073 3148 derivata
1084 3110 1181 3147 mana·

118 3189 213 3246 verint
234 3188 283 3246 vix
305 3187 419 3246 dixeris.
463 3186 620 3258 Iudicium,
643 3187 722 3261 quod
743 3187 898 3262 Appianas
921 3187 955 3245 de
972 3187 1090 3246 Metello
1102 3188 1181 3257 tulit,

83 3321 84 3325 =
118 3286 231 3345 Rutilio
261 3305 384 3361 prorsus
418 3286 599 3344 contrarium
631 3289 684 3344 est.
727 3285 774 3343 Ab
807 3287 899 3343 altera
919 3289 1003 3360 parte
1024 3285 1181 3343 verisimile

118 3387 163 3441 est
194 3383 312 3442 Livium
340 3383 403 3441 eius
437 3402 512 3458 opus
534 3383 704 3457 inspexisse,
728 3383 780 3440 sed
801 3383 967 3457 inspectum
989 3382 1182 3457 amplificasse

119 3485 148 3539 et
179 3482 304 3540 auxisse.
346 3480 446 3539 Verba
474 3481 562 3539 edicti
591 3481 712 3551 Metelli,
736 3480 816 3554 quod
837 3481 997 3538 Frontinus
1019 3481 1181 3539 fortassee

118 3579 202 3638 Livio
231 3579 422 3653 desumptum
442 3577 467 3650 ⁵)
490 3579 626 3648 servavit,
656 3578 805 3636 eltutilio
831 3578 939 3635 hausta
960 3597 1022 3635 esse
1046 3580 1180 3651 possunt.

118 3677 259 3746 Velleius,
292 3694 380 3751 quern
405 3676 523 3733 Livium
545 3680 696 3734 auctorem
718 3676 765 3733 hic
787 3679 923 3733 secutum
945 3695 1007 3733 esse
1028 3674 1181 3750 probabile

117 3776 206 3850 esth,
239 3775 274 3833 de
305 3774 581 3844 machinationibus,
618 3789 691 3846 quas
719 3773 830 3831 Marius
861 3773 891 3829 in
912 3773 1040 3831 hibernis
1065 3772 1180 3830 Uticen-

120 3874 201 3932 sibus
232 3873 353 3932 molitus
385 3876 431 3930 est
453 3874 492 3947 (a.
517 3869 655 3948 10901'80),
678 3870 822 3944 quaedam
844 3869 942 3941 habet,
965 3887 1040 3944 quae
1062 3873 1091 3927 et
1113 3889 1180 3927 eum

120 4098 332 4107 ...-...-—-—-—-

155 4254 173 4317 ¹)
200 4263 240 4318 aa,
268 4264 292 4308 2.
319 4285 349 4294 -
371 4252 388 4315 2)
405 4273 430 4320 p.
450 4261 480 4307 av
499 4273 536 4319 sq.
557 4285 585 4294 -
617 4249 634 4314 3)
653 4259 718 4306 raia.
737 4256 779 4313 §2
798 4262 823 4306 a
842 4262 864 4306 a.
885 4283 914 4292 -
935 4250 953 4313 ‘l
972 4271 1012 4317 aa
1032 4259 1071 4315 35,
1090 4260 1129 4304 ac.
1147 4278 1181 4288 -

124 4336 142 4400 ⁵]
159 4359 183 4406 p.
203 4347 242 4391 35.
263 4371 293 4381 -
313 4337 332 4400 6)
349 4359 373 4406 p.
393 4347 432 4391 36.
