2916 5062
709 462 745 523 13

193 631 377 704 quantopere
396 625 532 685 homines
554 624 606 702 qui
628 624 663 684 de
684 624 770 700 plebe
791 624 1006 683 rusticaerant.
1035 619 1190 695 Educatio
1203 639 1262 701 qna

194 725 330 801 plerique
352 725 407 784 viri
428 723 541 783 nobiles
563 723 653 780 fructi
675 725 766 793 erant,
782 742 842 780 una
854 742 921 781 curn
933 722 1066 780 doctriua
1078 725 1108 781 et
1118 723 1262 781 librorum

192 842 253 883 usu
284 822 397 882 animos
419 825 449 881 et
470 821 587 896 ingenia
608 821 797 892 excoluerat3
819 821 850 879 in
870 820 1013 879 nobilium
1036 820 1137 880 ordine
1159 840 1263 880 eorum

193 923 363 996 temporum
396 919 538 995 permulti
570 918 640 977 clari
671 918 727 977 viri
759 921 850 990 erant,
883 938 900 976 a
931 918 1142 994 superstitione
1175 918 1262 994 plane

193 1018 287 1077 liberi.
322 1019 413 1090 Sulla,
435 1021 471 1076 ut
492 1037 583 1092 supra
603 1016 741 1087 vidimus,
764 1016 925 1075 liberaliter
946 1019 1035 1092 atque
1053 1017 1261 1091 ingenueedu·

195 1121 289 1188 catus
322 1116 464 1176 Sallustio
496 1119 616 1175 auctore
652 1115 776 1187 ,litteris
808 1115 977 1174 doctissime
1006 1114 1160 1174 eruditus’'
1189 1119 1261 1174 erat.

194 1214 281 1285 Quod
319 1234 387 1274 eum
425 1215 583 1291 quominus
622 1213 827 1290 superstitioni
865 1213 1033 1289 indulgeret
1074 1213 1262 1289 prohibuisse

195 1313 363 1384 credideris,
386 1314 437 1371 sed
459 1312 537 1372 servi
558 1316 588 1371 et
608 1312 746 1384 libertini,
769 1311 936 1387 exquibus
957 1331 1011 1387 pro
1033 1312 1161 1370 maxima
1178 1315 1262 1388 parte

193 1410 353 1469 histriones
375 1410 427 1482 illi,
450 1429 579 1487 quorum
601 1410 683 1469 Sulla
704 1410 925 1468 amantissimus
947 1411 1019 1479 erat,
1038 1408 1261 1484 proficisceban-

194 1511 254 1579 tur,
277 1528 342 1566 eam
363 1507 492 1567 maxime
514 1507 659 1567 colebant.

235 1606 374 1664 Fortasse
395 1625 454 1666 nen
476 1609 522 1664 est
542 1606 698 1665 temeraria
721 1606 898 1678 coniectura,
920 1606 987 1665 illos
1008 1606 1109 1677 fuisse,
1132 1606 1262 1682 quieum

195 1704 330 1780 exemplo
362 1723 417 1763 suo
449 1703 597 1775 docerent,
626 1706 743 1762 tantum
766 1707 949 1763 momentum
971 1703 1081 1762 talibus
1102 1703 1191 1762 rebus
1212 1703 1262 1761 tri-

193 1802 293 1861 buere.
336 1801 395 1860 sed
426 1801 555 1877 aliquam
584 1801 808 1861 admirationem
837 1805 937 1862 movet
958 1801 1075 1872 medua,
1098 1821 1158 1878 quo
1180 1801 1263 1860 Sulla

193 1900 260 1958 illas
286 1919 332 1958 res
364 1900 537 1959 tractaverit
559 1902 589 1958 et
610 1899 775 1971 consilium,
798 1918 857 1975 quo
880 1899 1122 1976 superstitionem
1144 1892 1261 1958 coleret.

195 1997 275 2057 Raro
297 2000 416 2056 tantum
438 1998 486 2056 vel
506 2017 670 2073 numquam
692 1997 808 2069 accidit,
830 2000 864 2055 ut
886 2017 951 2056 eam
971 1998 1100 2056 multum
1123 1996 1152 2055 in
1174 1997 1262 2057 actio·

197 2096 284 2155 nibus
317 2097 378 2155 suis
406 2097 504 2155 valere
534 2099 706 2171 pateretur;
728 2115 900 2171 numquam,
922 2099 958 2155 ut
978 2096 1072 2155 Mario
1093 2099 1155 2154 tam
1176 2115 1263 2172 saepe

196 2195 295 2254 evenit
317 2194 349 2268 ¹),
377 2197 412 2252 ut
439 2197 563 2270 propter
582 2196 721 2269 portenta
742 2200 794 2253 aut
815 2194 957 2253 miracula
977 2213 1040 2252 rem
1062 2193 1191 2270 aliquam
1213 2211 1262 2268 ge·

195 2291 317 2350 rendam
350 2291 511 2362 omitteret,
544 2295 597 2351 aut
619 2291 774 2351 eonsilium
797 2291 918 2368 aliquod
939 2291 1088 2350 abiectum
1108 2291 1262 2366 reciperet,

196 2389 224 2448 ei
246 2389 361 2448 accidit.
404 2389 449 2448 Ob
470 2390 546 2448 hanc
566 2410 657 2448 unam
680 2408 799 2448 causam
821 2389 933 2464 aliquid
953 2389 1096 2448 momenti
1114 2388 1262 2448 ominibus

196 2486 388 2547 observandis
420 2487 580 2559 tribuebat,
612 2491 647 2546 ut
678 2487 746 2546 inde
775 2487 831 2546 sibi
858 2487 1059 2563 persuaderet,
1083 2487 1173 2546 etiam
1195 2487 1264 2546 deos

193 2585 267 2643 nihil
296 2585 448 2661 antiquius
481 2585 589 2645 habere
619 2605 708 2661 quam
740 2588 775 2644 ut
807 2604 837 2644 se
859 2604 988 2661 suasque
1009 2604 1056 2644 res
1078 2588 1177 2660 gestas
1198 2603 1265 2660 pro·

196 2683 310 2756 barent,
344 2684 433 2742 simul
463 2684 494 2741 in
523 2703 557 2743 eo
577 2683 748 2759 praecipue,
770 2703 859 2760 quem
880 2703 951 2760 prae
973 2683 1077 2742 ceteris
1099 2682 1264 2758 diligerent,

200 2800 285 2839 curas
307 2785 337 2840 et
357 2782 470 2857 palmas
493 2786 709 2841 consumerent.
738 2781 825 2851 Quod
847 2800 914 2841 cum
936 2782 963 2840 ei
983 2799 1159 2857 persuasum
1178 2783 1264 2850 esset,

199 2878 316 2951 accidit,
338 2882 373 2937 ut
393 2879 448 2938 hac
469 2899 500 2938 re
522 2879 691 2955 superbiam
712 2880 918 2955 permulceret,
942 2878 1158 2946 confidentiam,
1177 2878 1265 2936 auda·

201 2977 286 3048 ciam,
317 2978 517 3036 temeritatem
549 2980 682 3053 augeret,
714 2980 750 3036 ut
777 2978 841 3053 ipse
863 2976 918 3036 sibi
939 2978 1069 3053 placeret
1090 2980 1120 3035 et
1140 2977 1265 3035 fortasse

151 3099 156 3107 ·
201 3076 300 3147 etiam,
333 3077 367 3134 ut
394 3076 455 3135 vim
484 3075 680 3135 eonscientiae
701 3075 890 3150 opprimeret.
934 3074 1133 3146 Consuetudo
1156 3093 1215 3150 qua
1235 3073 1266 3131 in

200 3173 357 3232 iuventute
379 3192 446 3232 eum
467 3173 646 3244 hominibus,
669 3174 720 3248 qui
741 3172 797 3249 ipsi
819 3176 952 3231 tenacem
973 3172 1102 3230 fidemin
1118 3171 1265 3231 ominibus

200 3271 360 3347 ponebant,
391 3271 555 3342 fruebatur,
587 3291 655 3330 eum
687 3271 732 3329 his
754 3271 906 3348 indulgere
928 3271 1085 3330 assuefecit
1106 3269 1266 3346 docuitque

201 3369 243 3429 eis
274 3370 320 3428 uti
350 3374 504 3446 tamquam
535 3369 742 3440 instrumento,
775 3388 834 3444 quo
866 3388 925 3428 non
956 3388 990 3427 ea
1011 3388 1087 3444 quae
1108 3371 1266 3442 agerentur

201 3468 430 3540 administraret,
453 3468 504 3527 sed
525 3467 605 3543 ipsos
627 3467 697 3526 deos
720 3466 775 3525 sibi
796 3466 922 3525 blandiri
941 3469 1070 3544 putaret.

242 3566 396 3624 Drumann
426 3586 454 3626 v.
487 3566 522 3625 ol.
555 3565 667 3623 Sullani
698 3584 807 3624 vanum
829 3565 920 3624 fuisse
942 3568 1048 3640 putat:
1085 3563 1184 3636 ,Sulla
1204 3583 1265 3622 war

206 3665 344 3738 ,schdn'',
373 3664 422 3735 ait,
455 3709 479 3735 ,.
503 3708 509 3722 .
533 3708 539 3721 .
563 3707 569 3721 .
592 3683 623 3721 er
643 3662 787 3737 bezeugte
809 3681 839 3721 es
861 3662 923 3721 sich
944 3663 1055 3721 selbst”
1077 3661 1111 3735 2),
1137 3681 1185 3733 ,er
1205 3680 1267 3720 war

205 3763 292 3835 ,eitel
323 3762 384 3820 und
413 3762 493 3836 legte
525 3760 629 3819 Werth
660 3761 715 3818 aul
742 3760 804 3818 sein
835 3759 996 3819 Aeusseres
1017 3759 1079 3818 und
1099 3759 1188 3818 liebte
1210 3759 1266 3817 den

206 3861 318 3933 „Puta”
347 3859 381 3933 3).
424 3858 510 3930 Quod
541 3863 576 3918 ut
607 3858 745 3918 ostendat
776 3877 818 3931 ea,
849 3877 925 3933 quae
957 3858 1038 3916 Sulla
1065 3857 1265 3917 eminentibus

200 4130 202 4134 '
241 4136 258 4200 ¹)
293 4139 343 4191 cn.
369 4143 436 4190 rius.
463 4143 524 4189 nar.
553 4142 583 4188 1r
602 4144 628 4189 et
645 4141 693 4199 363
710 4141 774 4201 app.
797 4141 826 4188 a.
845 4141 871 4188 o.
887 4141 908 4200 1,
927 4143 972 4200 ar;
998 4142 1052 4189 vu.
1069 4141 1134 4187 Max.
1152 4141 1173 4197 1,
1192 4141 1214 4197 2,
1233 4141 1264 4196 33

204 4232 291 4277 Front.
309 4230 330 4288 I,
350 4231 388 4287 11,
406 4231 444 4277 12.
464 4254 495 4262 —-
515 4219 533 4283 ⁹)
551 4228 681 4275 Drumann
700 4228 791 4275 Geseh.
812 4228 890 4274 Roms
908 4229 942 4286 Π,
960 4242 985 4288 p.
995 4230 1052 4286 498,
1071 4230 1155 4274 annot.
1176 4228 1215 4273 13.
1235 4248 1263 4260 -

206 4307 307 4372 ³)1bid.
326 4315 360 4372 II,
377 4328 403 4376 p.
421 4315 478 4372 504,
497 4315 581 4361 annot.
602 4314 641 4359 66.
