2916 5062
704 498 741 561 95

193 683 288 739 neque
319 663 374 720 liae
406 683 436 721 rc
470 663 664 721 demonstrari
693 665 793 738 potest
814 681 864 720 eos
886 664 1022 721 auctores
1044 661 1127 738 sequi
1149 657 1262 720 traditi·

194 779 289 830 onem,
312 781 329 818 a
350 761 508 819 traditione
530 761 633 819 Dionis
656 763 685 818 et
707 760 850 817 Liciniani
871 760 1026 830 diversam,
1055 764 1090 818 ut
1111 761 1263 819 contendit

195 858 386 929 Dieclrmann‚
410 859 502 933 quiin
515 859 568 915 bac
580 878 620 927 re,
633 858 685 916 ie.
699 858 726 914 in
739 857 849 927 ordine,
863 877 922 933 quo
934 856 1125 932 imperatores
1138 858 1262 916 Romani

195 949 413 1024 enumerantur,
435 955 595 1030 vestigium
608 956 728 1024 invenit,
742 974 801 1031 quo
814 955 992 1013 discerneret
1003 954 1076 1013 duas
1088 956 1261 1015 traditiones

196 1055 271 1112 inter
293 1073 323 1112 se
346 1053 507 1112 disiunctas
530 1057 560 1111 et
582 1055 744 1112 contrarias
767 1055 799 1127 ¹).

233 1152 332 1226 Ipsius
363 1170 480 1227 pugnae
510 1151 679 1226 descripti0,
710 1170 799 1226 quam
822 1151 893 1209 satis
914 1151 1033 1225 longam
1056 1151 1134 1226 apud
1156 1151 1260 1211 Licini·

196 1269 283 1307 annm
305 1250 376 1308 olim
398 1249 538 1308 traditam
559 1249 650 1307 luisse
672 1248 1007 1324 demonstratmagnum
1020 1250 1149 1324 spatium
1159 1251 1261 1325 palim-

195 1348 296 1422 psesti‚
332 1348 361 1404 in
394 1367 462 1422 qno,
496 1347 576 1422 quod
607 1347 677 1405 olim
709 1347 852 1421 seriptum
874 1347 941 1417 suit,
963 1347 1050 1406 hodie
1072 1348 1153 1406 nullo
1175 1349 1262 1407 modo

195 1446 252 1520 legi
289 1449 398 1520 potest,
432 1445 510 1519 apud
542 1446 657 1502 nullum
690 1448 841 1504 auctorem
873 1448 989 1503 servata
1023 1449 1076 1503 est.
1129 1445 1260 1521 Aliquid,

195 1542 274 1618 quod
306 1563 340 1602 eo
372 1543 509 1618 pertinet,
543 1543 691 1601 invenitur
722 1543 802 1617 apud
834 1543 1044 1613 Plutarchum3
1078 1543 1102 1602 is
1124 1543 1215 1602 tradit
1237 1544 1261 1616 2)

195 1650 302 1708 milites
324 1649 473 1707 Romanos
495 1650 570 1706 male
591 1668 740 1724 pugnasse
763 1652 793 1707 et
814 1667 883 1707 mox
904 1652 989 1723 terga
1000 1650 1123 1709 vertisse
1140 1647 1263 1720 ,κακῶς

201 1744 463 1826 ἰἀγωνισαμένων
501 1752 562 1808 τὼν
597 1743 769 1824 Ῥωμαίων
806 1747 859 1807 καὶ
903 1756 1017 1826 τροπῆς
1059 1745 1262 1826 γεννομὲνης”,

197 1852 360 1911 Sertorium
382 1872 459 1928 equo
482 1853 589 1911 amisso
612 1856 641 1910 et
662 1854 850 1911 vulneratum
872 1853 1049 1912 Rhodanum
1070 1855 1179 1912 ttamen
1205 1859 1262 1912 tra·

194 1970 287 2022 nasse,
325 1953 473 2008 armatum
503 1950 594 2009 lorica
622 1949 759 2009 indutum
781 1954 811 2010 et
833 1971 901 2010 eum
924 1952 1017 2027 clipeo
1040 1953 1212 2011 adversante
1234 1954 1263 2012 vi

196 2049 387 2117 fluminis,'et
408 2049 450 2106 ita
472 2052 622 2108 servatum
644 2067 716 2106 esse.

233 2146 306 2205 Post
327 2146 480 2205 victoriam
502 2146 619 2205 barbari
641 2165 742 2205 omnes
764 2147 907 2218 homines
930 2167 1005 2224 quos
1022 2152 1159 2224 ceperant
1170 2149 1257 2207 inter·

192 2245 334 2315 fecerunt,
367 2249 397 2302 et
428 2264 545 2303 omnem
577 2244 725 2319 praedam,
759 2264 818 2320 qna
846 2246 937 2320 potiti
959 2250 1037 2316 sunt,
1061 2246 1261 2305 discisserunt.

193 2342 291 2405 Huius
312 2342 354 2400 rei
376 2342 460 2401 valde
481 2342 690 2413 memorabilis,
713 2362 803 2417 quam
824 2343 882 2401 iam
904 2363 994 2419 supra
1016 2365 1084 2402 cum
1106 2345 1259 2418 sacrilegio

194 2440 328 2499 Romano
360 2440 483 2499 Tolosae
515 2441 594 2500 facto
627 2441 842 2511 coniunximna
875 2442 955 2500 solus
988 2446 1092 2501 auctor
1124 2448 1169 2501 est
1190 2442 1261 2502 Oro·

194 2539 255 2598 sius
287 2538 320 2611 ³).
369 2539 399 2596 Is
431 2539 562 2612 singulas
595 2557 641 2596 res
674 2543 836 2608 enumerat,
868 2543 964 2598 vestes
988 2539 1133 2611 discissaS,
1156 2560 1260 2598 aurum

194 2640 411 2713 argentumque
443 2637 472 2693 in
503 2637 613 2694 flumen
645 2636 802 2708 abiectum,
835 2637 940 2696 loricas
963 2638 1103 2708 concisae,
1125 2639 1260 2714 phaleras

195 2753 340 2809 equorum
371 2734 557 2809 disperditas
589 2753 681 2808 equos
710 2734 790 2810 ipsos
812 2735 932 2792 flumine
954 2735 1106 2805 inmersos,
1129 2737 1260 2795 homines

194 2832 308 2906 laqueis
341 2832 416 2891 collo
437 2832 537 2890 inditis
560 2852 594 2890 ex
616 2832 771 2890 arboribus
793 2851 952 2907 suspensos
974 2852 1037 2891 esse
1060 2833 1109 2892 ait.
1152 2834 1260 2892 Nume-

194 2949 260 2986 rum
280 2949 432 2988 eaesorum
451 2930 614 2989 secundum
629 2930 783 2989 Antiatem
802 2931 915 3006 profert
931 2930 1068 2990 Orosius:
1094 2933 1262 3008 „octoginta

198 3028 296 3099 „milia
334 3027 535 3087 Romanorum
574 3028 783 3104 sociorumque
819 3048 853 3087 ea
889 3031 1066 3104 tempestate
1104 3030 1260 3099 trucidata,

198 3126 412 3200 „quadraginta
440 3126 520 3182 milia
548 3126 684 3184 calonum
719 3130 809 3201 atque
830 3126 956 3185 lixarum
977 3128 1135 3186 interfecta
1155 3126 1261 3186 Antias

200 3223 347 3293 „scribit”.
400 3223 482 3282 Idem
516 3223 598 3281 addit
630 3223 731 3282 decem
763 3225 970 3284 tantummodo
998 3225 1131 3284 homines
1160 3245 1262 3301 super-

195 3320 295 3391 fuisse,
318 3321 369 3396 qui
390 3321 528 3379 nuntium
550 3321 641 3380 cladis
663 3325 849 3397 reportarent
869 3322 904 3395 4).
937 3323 1018 3381 llaec
1035 3343 1082 3381 res
1098 3323 1149 3395 ita,
1162 3344 1263 3399 quem·

195 3419 355 3478 admodum
387 3439 451 3477 eam
482 3420 595 3495 aceepit
627 3419 758 3491 Orosius
791 3424 825 3479 ut
858 3440 894 3478 ea
914 3423 994 3480 anani
1014 3424 1139 3480 exercitu
1162 3422 1262 3480 decem

196 3521 314 3575 tantum
345 3517 478 3576 homines
500 3522 687 3593 superessent
709 3537 777 3577 sane
800 3518 928 3577 absurda
950 3523 979 3578 et
1000 3519 1178 3578 incredibilis
1201 3525 1262 3590 est3

198 3615 222 3672 si
243 3615 273 3672 id
295 3635 398 3673 verum
420 3618 505 3686 esset,
535 3615 612 3673 inter
632 3615 686 3674 bos
709 3616 809 3674 decem
831 3616 962 3675 homines
984 3618 1158 3675 numerandi
1179 3617 1263 3676 nobis

198 3716 295 3771 essent
328 3732 395 3771 curn
427 3713 590 3771 Proconsul
621 3716 686 3772 tum
715 3713 834 3784 Consul,
857 3720 961 3774 neuter
982 3717 1058 3774 enirn
1080 3717 1187 3774 borum
1208 3716 1263 3774 hoc

197 3810 309 3885 proelio
341 3811 456 3870 occisus
488 3830 550 3869 esse
582 3810 708 3882 videtur,
737 3815 773 3869 ut
794 3812 954 3870 ostendunt
974 3812 1083 3870 iudicia
1103 3816 1206 3889 postea
1228 3814 1263 3872 de

198 3908 239 3966 eis
260 3909 352 3978 facta3
375 3908 459 3984 atqui
480 3909 506 3966 si
526 3908 642 3967 duobus
664 3909 893 3983 imperatoribus
915 3910 999 3985 eopia
1019 3910 1078 3968 fuit
1095 3911 1262 3985 effugiendi,

199 4025 267 4064 sane
288 4007 356 4081 plus
379 4026 467 4081 quam
489 4010 556 4066 octo
579 4006 686 4065 milites
709 4026 812 4066 eorum
833 4007 921 4082 fugae
942 4008 1101 4083 participes
1120 4009 1263 4067 sefacere

199 4176 380 4185 —-—...
388 4181 391 4184 ,
399 4180 411 4185 -

235 4263 252 4324 ¹)
278 4272 434 4317 Dieclrmann
460 4285 516 4330 pag.
545 4271 576 4317 32
604 4285 658 4330 sqq.
688 4297 715 4306 -
745 4262 763 4326 ⁹)
788 4272 855 4318 Plut.
874 4273 937 4319 Sert.
956 4274 977 4319 3.
999 4296 1028 4305 -
1049 4263 1068 4326 8)
1087 4273 1159 4321 Oros
1177 4273 1205 4329 V,
1225 4273 1263 4330 16,

201 4349 547 4411 4-7.-⁴t§3et§4.
