2916 5062
705 487 741 546 11

195 669 264 708 cum
285 650 420 707 senectus
442 649 478 706 ei¹
491 648 640 725 obriperet
661 667 761 708 amans
783 650 867 720 erat3
889 647 912 707 si
936 647 1094 720 accusatio,
1112 651 1258 725 quatenus

194 747 224 805 in
255 745 405 805 hominem
436 746 554 821 longius
586 749 682 806 aetate
713 748 889 823 provectum
918 745 1004 817 cadit,
1033 746 1107 805 falsa
1128 750 1182 818 est,
1204 747 1259 807 erit

195 863 314 921 quoque
337 844 443 904 cadens
465 845 495 903 in
516 845 661 905 iuvenem.
703 845 839 917 Roscius,
861 844 913 920 qui
931 844 1020 903 etiam
1037 845 1170 905 Puteolis
1185 846 1262 906 inter

195 942 359 1002 cotidianos
392 944 530 1002 convivas
561 943 628 1014 fuit,
660 943 685 1002 is
717 946 780 1002 erat
810 943 840 1001 in
874 942 958 1002 euius
989 943 1051 1002 vita
1073 944 1260 1003 semoribus

192 1041 267 1099 nihil
297 1041 569 1116 reprehenderetur.
612 1040 713 1101 Cicero
745 1041 847 1100 decem
878 1041 960 1100 annis
991 1045 1061 1117 post
1092 1061 1160 1100 eum
1189 1042 1261 1102 dicit

193 1138 301 1205 virum,
337 1139 402 1210 ,cui
423 1139 601 1198 existimatio
624 1139 809 1198 sanctissima
829 1139 887 1198 fuit
909 1143 1060 1215 semper'';
1083 1140 1145 1198 eius
1167 1140 1260 1199 vitam

198 1236 406 1312 ,purissimam
428 1240 458 1296 et
480 1237 694 1296 castissimam’'
716 1237 808 1296 fuisse
829 1240 930 1296 narrat
952 1238 984 1312 1).

235 1334 279 1392 Ex
300 1335 363 1393 eius
385 1335 519 1411 exemplo
540 1335 633 1412 igitur
655 1338 780 1411 apparet
800 1336 920 1406 amicoS,
941 1335 1049 1412 quibus
1062 1336 1144 1395 Sulla
1155 1336 1260 1394 famili-

195 1433 285 1491 ariter
305 1436 449 1504 uteretur,
471 1433 541 1492 licet
561 1432 719 1493 histriones
741 1435 847 1506 essent,
869 1452 928 1493 non
948 1434 1111 1493 necessarie
1127 1434 1260 1493 homines

196 1534 405 1607 corruptorum
427 1551 545 1591 morum
566 1532 667 1592 fuisse.
690 1531 844 1592 Columnis
864 1532 1018 1592 Plutarchi
1039 1531 1261 1592 inMetrobium

196 1632 227 1688 et
257 1629 369 1688 Sullam
402 1630 491 1689 etiam
522 1630 577 1689 hac
608 1650 640 1689 re
672 1630 853 1702 dissolvitur,
875 1630 957 1706 quod
977 1631 1002 1689 is
1024 1649 1143 1690 causam
1164 1630 1261 1690 morbi

196 1726 403 1803 phthiriaseos,
426 1747 485 1804 qua
507 1727 589 1786 Sulla
610 1727 787 1805 absumptus
809 1747 873 1788 esse
895 1728 1012 1800 dicitur,
1035 1728 1064 1786 in
1086 1727 1259 1804 eaturpitu-

196 1823 263 1882 dine
295 1825 484 1900 quaesivitl).
528 1826 586 1885 Sed
616 1826 641 1885 is
673 1826 772 1886 Sullae
793 1826 924 1899 morbae,
946 1827 998 1902 qui
1019 1826 1138 1887 omnino
1159 1826 1259 1884 nullus

195 1922 263 1993 fuit,
295 1923 376 1981 illam
408 1942 527 1984 causam
557 1924 696 1984 habuisse
718 1943 777 1985 non
797 1928 916 2001 potest3
937 1924 1108 2001 phthiriasis
1131 1924 1208 1983 enim
1229 1923 1259 1981 in

198 2021 377 2096 cogitatione
409 2022 601 2098 antiquorum
638 2022 727 2082 modo
758 2023 890 2082 extitisse
921 2023 1039 2082 videtur
1059 2022 1102 2098 ³);
1133 2022 1260 2081 fortasse

196 2119 336 2194 pustulae
357 2138 450 2194 genus
473 2124 544 2192 erat,
566 2121 648 2196 quod
667 2121 772 2179 salsam
794 2121 856 2181 eius
868 2121 964 2180 morbi
974 2121 1123 2180 notionem
1135 2119 1259 2197 peperit.
1327 2126 1330 2130 ’

197 2215 233 2273 Id
264 2217 345 2292 quod
375 2219 509 2278 nonnulli
540 2218 575 2277 de
607 2218 705 2278 Sullae
737 2221 888 2278 senectute
909 2219 1115 2278 iudicaverunt
1134 2219 1261 2293 longea

197 2331 267 2373 vero
289 2314 390 2374 abesse
402 2316 532 2375 videtur:
545 2316 657 2375 Sullam
669 2317 810 2376 Puteolos
821 2317 852 2374 in
863 2316 1052 2376 solitudinem
1064 2335 1094 2375 se
1104 2316 1260 2391 recepisse,

196 2415 232 2470 ut
242 2411 283 2469 ibi
294 2411 464 2473 libidinibus
476 2414 632 2486 frueretur,
644 2414 895 2490 quemadmodum
906 2414 941 2473 de
954 2415 1129 2490 imperatore
1140 2413 1258 2472 Tiberio

199 2508 324 2585 Capreas
345 2511 479 2586 profecto
500 2513 644 2571 traditum
666 2514 750 2588 este).
772 2512 840 2572 Non
854 2531 888 2572 eo
899 2512 997 2585 modo,
1010 2531 1069 2588 quo
1080 2511 1258 2571 Plutarchus

199 2607 280 2679 dixit,
313 2607 396 2682 Sulla
426 2609 626 2668 valetudinem
657 2611 780 2682 minuit;
811 2630 880 2668 nam
911 2628 987 2670 anno
1010 2609 1061 2670 79⁰
1081 2609 1259 2685 magistratu

196 2704 332 2780 deposito
352 2707 429 2766 vires
452 2707 571 2766 minime
593 2709 752 2768 exhaustae
774 2707 904 2782 erant5),
927 2728 1036 2768 annum
1048 2708 1153 2767 aetatis
1169 2706 1257 2766 unde·

197 2803 412 2878 sexagesimum
434 2824 524 2881 agens
545 2825 668 2865 uxorem
689 2807 785 2865 adhuc
806 2807 892 2867 duxit
911 2807 1061 2884 filiamque
1082 2805 1257 2883 procreavit.

198 2902 284 2972 Quod
314 2903 352 2960 ad
371 2905 501 2980 priorem
521 2905 599 2965 vitae
619 2908 735 2983 partem
757 2906 872 2978 attinet,
894 2907 984 2966 etiam
1005 2926 1072 2966 cum
1093 2904 1208 2966 iuvenis
1230 2907 1260 2963 ct

197 3001 336 3075 grandior
356 3003 452 3062 factus
475 3006 561 3076 esset,
582 3023 641 3063 non
662 3007 761 3064 totum
782 3024 812 3063 se
833 3004 1039 3083 voluptatibus
1060 3003 1150 3075 dedit,
1167 3001 1218 3061 sed
1229 3000 1259 3059 id

197 3099 339 3174 temporis
370 3103 487 3159 tantum
509 3102 589 3177 quod
610 3103 736 3177 negotiis
757 3104 885 3178 peractis
906 3106 1075 3179 supererat;
1096 3119 1192 3177 neque
1212 3099 1258 3157 his

197 3196 402 3272 voluptatibus
432 3199 543 3274 ingenii
572 3200 729 3259 facultates
757 3201 1000 3278 infringebantur,
1022 3219 1118 3276 neque
1138 3217 1184 3258 res
1206 3200 1259 3256 aut

199 3295 328 3366 consilia,
360 3315 436 3371 quae
466 3297 650 3373 peragendae
682 3301 773 3370 erant,
794 3299 1037 3375 prohibebantur.
1076 3299 1193 3372 ,Erat”,
1216 3294 1258 3353 ait

198 3390 366 3465 Sallustius,
398 3395 544 3472 ,cupidus
575 3396 774 3472 voluptatum,
806 3397 858 3456 sed
889 3398 1000 3474 gloriae
1029 3397 1173 3474 cupidior,
1195 3397 1257 3457 otio

197 3491 378 3568 ,luxuriosa
401 3494 452 3552 sed
472 3495 611 3570 voluptas
632 3515 795 3571 numquam
816 3515 884 3555 eum
906 3496 942 3555 ab
962 3497 1090 3572 negotiis
1111 3497 1258 3555 remorata

197 3592 281 3667 „est”
294 3589 328 3663 6).
370 3591 425 3650 His
456 3592 575 3668 quidem
606 3596 754 3668 repugnat
786 3594 867 3670 quod
897 3595 1075 3654 Plutarchus
1097 3594 1168 3653 dicit
1189 3613 1257 3653 eum

201 3689 296 3769 „updc
331 3695 374 3770 τῷ
409 3693 634 3775 καταισχύνειν
670 3691 704 3751 τὸ
727 3687 851 3766 ἀξίωμα
874 3696 928 3770 τῆς
950 3691 1046 3776 ἀρχῆς
1068 3687 1171 3754 πολλὰ
1193 3707 1257 3755 τῶν

136 4056 140 4071 ἱ
234 3992 250 4054 ¹)
285 4000 335 4047 Cic.
363 4014 410 4061 pro
436 4002 529 4048 Roscio
556 4002 684 4050 Comoedo
712 4005 734 4060 5,
761 4006 791 4050 15
813 4006 839 4051 et
857 4007 880 4062 6,
900 4006 938 4053 17.
957 4031 988 4038 -
1008 3998 1027 4061 ⁹)
1045 4006 1111 4053 Plut.
1129 4005 1198 4052 Sulla
1216 4006 1256 4060 36,

198 4077 281 4140 „tea
309 4080 354 4124 καὶ
379 4077 884 4150 τὴν.....νοό·ον....ἓξὲθρεψεν...
914 4118 942 4125 -
973 4083 990 4147 ³)
1025 4092 1166 4138 Mommsen
1183 4089 1255 4135 Rom.

197 4168 288 4215 Gesoh.
307 4161 353 4228 11⁸,
371 4184 397 4230 p.
416 4171 472 4228 376,
491 4171 576 4218 adnot.
597 4197 627 4205 -
655 4165 673 4228 ⁴]
691 4175 759 4222 Suet.
778 4176 861 4222 Tibur.
880 4178 928 4234 403
947 4177 1003 4223 Tac.
1022 4177 1110 4223 Annat
1128 4178 1152 4234 4,
1171 4178 1210 4224 67.
1224 4202 1255 4209 -

199 4244 217 4323 ⁵)
244 4253 307 4313 App.
334 4256 363 4302 B.
391 4255 417 4302 0.
445 4256 465 4309 Ι,
494 4257 549 4313 104,
569 4233 603 4316 „dp
631 4249 735 4317 δυνατὴ
762 4251 810 4312 μὲν
837 4252 879 4302 ἔτι
905 4255 921 4319 ἡ
948 4253 1040 4319 ἡλικία
1067 4257 1112 4303 καὶ
1130 4255 1162 4303 τὸ
1181 4254 1254 4314 σῶμα

198 4328 367 4397 „adpossem”
387 4364 417 4374 -
438 4332 456 4398 “J
474 4340 533 4390 Sall.
551 4341 615 4392 Bell.
633 4343 688 4409 Ing.
707 4346 746 4407 95,
764 4348 787 4395 3.
