2916 5062
691 469 748 528 117

199 628 244 700 ,in
274 629 438 704 requietem
469 627 584 687 facilius
606 627 785 688 debellaret''
809 629 841 704 1).
884 630 958 688 Sane
980 631 1060 705 quod
1080 630 1258 690 Plutarchus

191 727 292 798 tradit,
317 726 458 785 maiorem
479 726 541 786 veri
562 726 651 785 habet
672 727 905 786 similitudinem.
948 727 1086 788 (laterum
1108 749 1172 788 eam
1193 731 1256 792 rem

192 844 248 884 non
280 824 317 883 ad
349 824 551 883 diversitatem
578 825 754 896 traditionis
777 825 829 884 sed
850 825 887 884 ad
908 845 1037 886 errorem
1058 827 1193 887 Frontini
1213 847 1256 886 ra·

192 922 265 981 ferre
298 922 395 980 velim.
430 955 463 966 ·-
489 921 631 997 Sequitur
652 922 737 982 dolus
760 943 776 981 a
797 923 891 982 Mario
912 923 1068 983 institutus
1089 925 1179 984 tertio
1200 924 1256 996 dis,

193 1019 284 1095 pridie
306 1039 395 1095 quam
418 1020 544 1078 alterurn
564 1020 711 1096 proelium
732 1023 851 1095 gestum
873 1021 1041 1080 estMarius
1068 1020 1110 1080 ol.
1132 1023 1258 1082 Marcel-

193 1118 253 1176 lum
286 1137 354 1177 cum
385 1117 481 1176 tribus
513 1117 643 1177 millibus
675 1119 906 1194 legionariorum
933 1119 1063 1178 militum
1092 1120 1123 1178 in
1144 1119 1256 1180 insidiis

195 1217 325 1288 collocat,
348 1235 416 1275 eum
437 1215 521 1274 iubet
542 1216 630 1275 colles
652 1215 733 1277 silvis
755 1216 860 1277 densos
882 1237 899 1275 a
919 1220 1005 1293 tergo
1027 1217 1159 1277 hostium
1181 1219 1256 1277 clam

195 1332 344 1390 occupare.
376 1313 411 1371 In
433 1333 468 1372 ea
487 1333 518 1372 re
541 1314 631 1372 etiam
648 1314 808 1374 Frontinus
830 1315 1018 1390 neglegentia
1029 1319 1059 1374 et
1069 1316 1256 1377 testinatione

195 1412 308 1472 erravit.
360 1411 438 1470 Nam
471 1430 539 1470 cum
570 1412 749 1472 Plutarchus
781 1412 871 1471 addat
901 1413 1029 1472 Marium
1060 1417 1181 1489 postero
1209 1413 1255 1473 die

196 1529 259 1570 cum
292 1509 413 1586 reliquis
435 1509 528 1587 copiis
550 1510 639 1568 etiarn
661 1511 827 1586 equitatum
849 1530 884 1569 ex
906 1512 1010 1572 castris
1032 1511 1061 1570 in
1082 1512 1182 1571 hostes
1203 1513 1256 1570 im·

194 1609 315 1679 misisse,
347 1608 432 1668 valde
464 1608 602 1667 credibile
635 1611 680 1667 est
711 1608 906 1685 (quamquam
936 1609 1114 1669 Plutarchus
1146 1610 1176 1668 id
1196 1630 1256 1670 non

194 1706 285 1780 addit)
317 1706 444 1765 Marium
476 1706 588 1783 aliquid
619 1707 723 1766 iecisse
754 1710 789 1766 ut
809 1707 910 1767 hostes
933 1708 1092 1779 crederent,
1114 1709 1255 1767 maiorem

193 1805 325 1879 equitum
348 1804 464 1881 copiam
485 1803 541 1863 sibi
562 1823 625 1863 esse
643 1823 733 1881 quam
751 1824 852 1864 revera
870 1809 983 1876 essent3
1003 1805 1163 1865 Frontinus
1184 1806 1257 1866 dicit

192 1901 318 1961 Marium
340 1902 394 1974 ,ad
415 1901 594 1978 implendam
615 1902 815 1963 multitudinis
828 1904 956 1979 speciem
970 1923 1112 1979 agasones
1122 1904 1255 1981 lixasque

196 2005 340 2073 ,armatos
372 2001 461 2060 simul
488 2001 530 2059 ire
558 2000 678 2060 iussisse
699 2001 960 2078 iumentorumque
981 2021 1119 2078 magnam
1140 2006 1256 2079 partem

196 2099 404 2171 ,instratorum
435 2099 628 2171 centunculis
659 2102 695 2158 ut
725 2119 778 2175 per
798 2100 854 2160 hoc
875 2100 964 2159 facies
986 2101 1137 2177 equitatus
1159 2101 1254 2161 obice·

196 2200 322 2269 ,retur”;
354 2197 405 2256 sed
435 2197 596 2256 Frontinus
623 2197 695 2256 haec
723 2198 878 2257 infeliciter
899 2199 1051 2258 coniunxit
1072 2218 1140 2258 cum
1162 2201 1255 2259 altero

195 2295 270 2367 dolo,
299 2299 329 2354 et
356 2296 434 2354 hunc
456 2296 622 2372 equitatum
644 2296 686 2355 ita
707 2300 829 2355 auctum
850 2296 940 2356 etiam
960 2297 1099 2357 Marcello
1121 2297 1256 2357 commis·

195 2413 259 2452 sum
286 2393 377 2453 fuisse
404 2393 549 2470 perhibet,
572 2394 652 2470 quod
673 2413 742 2453 sane
764 2394 926 2454 absurdum
948 2398 1002 2469 est,
1023 2414 1119 2470 neque
1141 2395 1177 2453 ad
1198 2395 1255 2454 sin·

194 2494 326 2568 gularem
357 2491 546 2552 traditionem
577 2493 763 2552 reserandum
784 2496 829 2552 est
851 2493 902 2552 sed
924 2493 961 2551 ad
982 2511 1110 2553 errorem
1132 2490 1166 2564 ²).
1208 2492 1254 2551 In-

194 2590 274 2650 sidiis
305 2591 416 2667 paratis
448 2594 568 2666 postero
600 2590 646 2649 die
678 2591 787 2651 milites
819 2590 945 2650 Romani
967 2611 984 2648 a
1005 2591 1108 2650 castris
1130 2593 1160 2650 et
1181 2591 1255 2650 colle

138 2715 143 2718 ·
193 2689 292 2750 hostes
313 2689 409 2749 adorti
430 2693 596 2765 pugnantes
618 2690 648 2747 in
669 2709 806 2765 campum
828 2688 1009 2748 descendunt
1029 2687 1063 2762 3).

233 2787 303 2863 Cap.
326 2785 376 2845 21.
418 2788 495 2845 Tum
514 2787 671 2846 Marcellus
693 2807 710 2845 a
730 2790 815 2863 tergo
835 2787 936 2847 hostes
958 2787 1130 2863 aggreditur
1151 2806 1255 2863 quosa

192 2886 288 2945 fronte
308 2885 417 2962 premit
438 2884 558 2957 Marius,
580 2887 610 2944 et
631 2904 666 2943 ex
687 2904 721 2944 eo
743 2885 855 2960 proelio
873 2884 999 2945 Romani
1015 2884 1180 2960 superiores
1193 2905 1257 2944 eva-

194 2983 275 3043 dunt.
298 2983 475 3043 Plutarchus
498 2983 597 3043 omisit
618 2983 699 3058 quod
720 2983 833 3041 addidit
855 2983 977 3043 Orosius
1000 3002 1111 3059 ,usque
1127 2982 1163 3040 ad
1174 2983 1258 3042 meri·

201 3083 295 3154 ,diem
326 3102 418 3158 paene
449 3082 514 3157 pari
545 3081 711 3140 discrimine
733 3085 900 3158 pugnatum
922 3101 984 3140 essa
1005 3081 1039 3156 4),
1062 3084 1092 3140 et
1112 3100 1207 3157 usque
1228 3081 1258 3139 in

197 3183 330 3252 ,noctem
353 3180 470 3240 caedem
488 3179 588 3256 potius
606 3199 694 3256 quam
706 3198 838 3255 pugnam
852 3182 1033 3256 protractam
1045 3183 1127 3238 esse”
1139 3177 1173 3252 ⁵).
1195 3178 1257 3238 Nu·

228 3419 245 3482 ¹)
272 3428 358 3475 Frout.
384 3428 418 3484 II,
437 3429 460 3484 9,
480 3429 501 3474 1.
521 3451 551 3460 -
572 3418 590 3482 ⁹)
608 3426 674 3474 Ibid.
691 3427 726 3484 11,
745 3429 767 3484 6,
786 3429 809 3473 4.
829 3451 859 3459 -
880 3417 897 3482 ⁸)
915 3425 1058 3485 Polyaenus
1077 3421 1154 3483 (VIII,
1174 3428 1213 3484 10,
1232 3424 1256 3481 2)

192 3526 343 3574 quamquam
360 3526 465 3573 prorsus
483 3526 498 3558 a
514 3513 651 3559 Plutarcho
668 3513 770 3572 pendet,
788 3514 872 3559 temen
889 3511 939 3558 hoc
956 3511 1013 3558 loco
1023 3511 1099 3558 etiam
1109 3511 1134 3557 iu
1144 3525 1256 3560 errorem

192 3599 314 3655 incidens,
332 3598 432 3658 putavit
449 3599 577 3645 Romanos
594 3599 643 3644 hoc
661 3596 769 3643 consilio
787 3597 812 3642 in
832 3609 947 3655 campum
966 3595 1137 3654 descendisse,
1156 3609 1206 3643 nou
1225 3599 1254 3644 ut

193 3683 281 3731 hostes
300 3684 505 3743 aggrederentur,
523 3683 568 3729 sod
586 3685 615 3729 ut
632 3682 743 3742 speciem
761 3681 836 3740 fugae
846 3680 965 3728 hostibus
975 3681 1256 3741 daret,itoqueinsulse

192 3768 315 3815 inseruit:
334 3760 418 3824 „duom
436 3760 460 3807 οἱ
470 3759 592 3820 πολέμιοι
602 3759 712 3822 φεύγειν
723 3757 822 3814 αὐτοὺς
833 3757 950 3817 οἰόμενοι
961 3756 1071 3806 διώκειν
1081 3760 1254 3827 ἓγχειροῐει”.

193 3877 223 3885 -
244 3844 262 3907 ⁴)
289 3854 361 3899 Oros.
379 3853 407 3908 V,
428 3852 523 3908 16,11.
552 3875 582 3884 -
614 3842 633 3906 Β)
651 3849 757 3897 Silentia
776 3849 899 3897 hocloco
919 3851 1132 3909 praetereundum
1149 3865 1200 3898 non
1217 3854 1258 3899 est

192 3939 260 3997 quod
286 3937 317 3983 de
344 3936 494 3982 mulieribus
519 3936 684 3983 barbarorum
712 3936 808 3981 addunt
832 3937 949 3982 auctores
967 3935 1073 3982 Orosius
1090 3932 1129 3992 (V,
1148 3937 1186 3992 16,
1207 3933 1255 3993 13),

191 4021 306 4069 Valerius
324 4021 448 4067 Maximus
466 4017 517 4078 (VI,
537 4022 608 4068 lent.
619 4017 651 4078 3),
661 4021 753 4067 Florus
762 4016 818 4079 (ΙΙΙ,
829 4022 852 4077 3,
865 4017 913 4075 16).
931 4021 995 4067 Nam
1004 4033 1155 4080 quamquam
1164 4021 1256 4067 Florus

192 4108 254 4154 haec
271 4107 329 4153 loco
347 4108 444 4152 mutata
461 4105 561 4153 rettulit
579 4106 611 4152 ed
627 4119 738 4167 pugnam
756 4105 781 4151 iu
800 4105 901 4165 Campis
917 4104 1021 4151 Raudiis
1031 4105 1132 4162 factam,
1141 4104 1256 4152 Valerius

192 4192 325 4249 Maximus,
352 4192 395 4251 qui
421 4191 517 4238 diserte
545 4193 673 4238 Teutonas
691 4191 811 4237 mulieres
829 4189 952 4247 nominat,
969 4190 1063 4251 probat
1080 4202 1135 4237 eam
1154 4203 1206 4236 rem
1225 4191 1257 4236 ad

193 4278 278 4337 Aquas
304 4277 401 4324 Sextias
427 4290 483 4323 esse
501 4279 607 4336 gestam.
641 4277 744 4324 Scilicet
761 4276 881 4322 mulieres
898 4277 1049 4333 Teutonum,
1066 4277 1201 4335 postquam
1219 4275 1257 4321 di·

194 4363 314 4413 micatum
341 4364 388 4420 est,
414 4363 542 4427 supplices
569 4378 584 4411 a
608 4362 689 4413 Mario
714 4362 860 4426 petiverunt
878 4363 906 4411 ut
923 4362 984 4410 deae
1004 4361 1104 4410 cuidam
1120 4361 1255 4422 Romanae,
