2916 5062
776 483 821 547 '2'0

265 640 381 705 inscius
413 650 501 718 esset,
533 648 606 705 nihil
639 648 720 706 aliud
749 648 805 707 nisi
834 652 869 706 ut
891 647 995 707 eodem
1016 647 1105 705 modo
1127 665 1186 722 quo
1208 646 1342 705 homines

271 745 318 803 sui
348 746 463 818 generis
495 745 709 820 rempublicam
742 747 917 820 capesseret,
951 744 1021 819 egit,
1052 744 1212 803 obsecutus
1234 744 1340 814 officio,

270 842 350 918 quod
378 843 404 900 ei
433 843 526 905 locus.
549 861 608 917 quo
630 846 718 901 natus
740 847 812 912 erat,
834 843 1026 917 imposuerat,
1049 846 1078 900 et
1100 843 1142 900 ita
1163 842 1283 917 quidem
1304 843 1341 900 ut

269 940 460 1015 optimatium
482 940 644 999 commodis
669 960 785 1015 semper
805 940 927 998 faveret.

310 1038 367 1097 Sed
398 1038 470 1097 haec
502 1038 600 1097 omnia
630 1042 665 1097 ut
693 1059 740 1097 res
762 1038 883 1097 minoris
904 1038 1056 1108 momenti,
1079 1056 1138 1097 non
1159 1056 1340 1113 magnopere

270 1135 296 1194 ei
328 1155 415 1195 curae
447 1139 545 1208 erant3
578 1156 728 1195 summum
757 1137 889 1196 studium
911 1137 941 1194 in
963 1155 997 1193 aa
1018 1155 1048 1194 re
1069 1136 1171 1212 posuit
1192 1139 1227 1194 ut
1249 1155 1339 1211 quarn

269 1235 394 1292 maxime
425 1234 489 1309 ipse
521 1235 582 1292 rita
613 1235 762 1293 frueretur
796 1235 828 1308 1).
880 1233 917 1292 In
947 1234 1097 1309 prioribus
1128 1233 1223 1303 bellis,
1257 1233 1338 1305 (curn

270 1335 411 1408 quaestor
443 1335 522 1391 esset
553 1331 694 1391 adversus
722 1332 905 1407 Jugurtham
928 1352 952 1390 a.
978 1332 1056 1402 107⁰,
1079 1332 1196 1405 legatus
1218 1351 1243 1389 a.
1268 1329 1340 1388 1040

270 1434 299 1488 et
320 1429 458 1488 tribunus
479 1430 610 1488 militurn
631 1450 657 1487 a.
681 1429 752 1488 103⁰
774 1433 876 1489 contra
894 1429 1028 1488 Gimbros
1051 1433 1081 1489 et
1101 1428 1260 1499 Teutones,
1283 1427 1339 1487 sub

270 1526 375 1586 Catulo
398 1528 517 1586 consule
539 1548 565 1585 a.
590 1526 660 1585 102Ο
681 1530 711 1585 et
732 1528 852 1585 tandem
872 1531 1048 1603 propraetor
1070 1526 1211 1585 adversus
1224 1525 1338 1584 Mithri-

270 1626 368 1683 datenr
391 1645 416 1683 a.
439 1625 512 1699 92⁰),
534 1625 608 1682 nihil
629 1625 709 1682 aliud
731 1626 787 1683 nisi
808 1625 939 1700 vulgaris
951 1624 1131 1700 reipublicae
1144 1625 1338 1700 magistratus

269 1726 332 1781 erat
353 1742 406 1782 nec
427 1723 495 1798 plus
517 1741 580 1781 esse
595 1723 706 1805 uoluit.
738 1722 773 1780 In
794 1722 852 1781 illis
873 1721 959 1781 bellis
980 1723 1029 1780 vix
1052 1722 1339 1781 ullumdesiderium

268 1820 425 1896 potestatis
448 1820 604 1894 singularis
627 1819 858 1890 animadvertam
874 1855 907 1863 —
921 1839 957 1878 ne
978 1819 1052 1880 bello
1066 1819 1186 1895 quidem
1196 1819 1336 1889 Marsico

269 1918 351 1994 quod
371 1917 530 1992 gerebatur
551 1918 587 1976 de
609 1919 781 1993 quaestione
802 1920 905 1976 utrum
926 1918 1053 1976 Romani
1074 1936 1190 1977 summo
1213 1917 1337 1991 imperio

271 2016 358 2075 sociis
380 2015 491 2073 Italicis
512 2016 686 2090 imperaturi
708 2018 815 2086 essent,
837 2035 874 2073 an
896 2015 927 2073 hi
949 2034 1043 2090 aequo
1065 2016 1128 2074 iure
1140 2033 1200 2090 quo
1211 2015 1339 2073 Romani

268 2114 326 2188 ipsi
347 2114 524 2172 fruerentur.
566 2112 611 2172 Ne
633 2113 689 2172 hoc
710 2113 830 2188 quidem
850 2113 881 2172 in
902 2113 979 2171 bello
1001 2116 1100 2188 partes
1120 2113 1252 2188 suscepit
1271 2113 1337 2183 viri,

270 2211 332 2286 qui,
354 2215 391 2270 ut
412 2230 466 2269 sua
487 2211 609 2270 consilia
630 2215 660 2270 et
680 2211 809 2270 rationes
831 2212 861 2269 in
880 2211 999 2270 civitate
1011 2212 1209 2287 praevaleant,
1221 2211 1338 2282 nititur,

275 2307 326 2367 sed
358 2308 440 2367 ducis
472 2309 607 2378 Romani,
636 2308 688 2384 qui
708 2308 808 2367 labore
830 2327 885 2368 suo
907 2312 937 2366 et
958 2327 1045 2384 opere
1067 2328 1129 2367 rem
1150 2308 1339 2384 publioama

272 2405 496 2464 difficultatibus
528 2410 558 2465 et
588 2405 747 2477 molestiis,
781 2406 889 2480 quibus
922 2406 1071 2465 sociorum
1102 2407 1337 2481 efflagitationea

270 2503 366 2562 iustae
397 2504 517 2579 quidem
539 2503 590 2562 sed
611 2503 772 2562 identidem
793 2504 938 2579 repulsae,
961 2523 1026 2562 earn
1047 2504 1217 2575 obruerant,
1241 2504 1338 2562 defen-

270 2600 361 2658 deret.
403 2600 452 2658 Ad
483 2601 601 2660 easdem
632 2601 771 2659 arcendas
805 2602 894 2659 etiam
922 2601 1035 2660 Marius
1064 2621 1146 2659 arma
1167 2606 1239 2660 tunc
1261 2620 1340 2659 smn-

271 2702 358 2757 serat.
391 2698 475 2757 Sulla
497 2698 616 2757 demum
638 2697 762 2773 Sulpicii
783 2698 898 2774 impetu
920 2701 1042 2775 excepto
1062 2698 1242 2774 singularem
1254 2703 1339 2774 pote·

271 2799 377 2855 statem
407 2799 512 2855 nactus
545 2798 589 2854 est
614 2795 634 2869 ).
677 2795 820 2854 Instituta
853 2799 883 2854 et
914 2796 995 2871 leges
1017 2797 1131 2872 aliquot
1152 2801 1218 2855 tum
1240 2796 1339 2872 coepit

270 2894 390 2970 quidem
421 2898 537 2953 mutare
549 2895 582 2968 3),
615 2894 666 2953 sed
688 2895 776 2952 sirnul
797 2895 870 2952 nihil
891 2895 1042 2971 antiquius
1064 2895 1171 2953 habuit
1193 2915 1281 2970 quam
1304 2901 1340 2953 ut

271 2992 381 3052 bellum
402 2992 635 3051 Mithridaticum
651 2992 817 3063 conficeret,
829 3007 873 3064 ut,
887 2991 981 3052 solitis
993 2993 1187 3068 magistratus
1199 2993 1340 3051 ordinarii

270 3090 405 3166 partibus
427 3091 583 3165 susceptis,
605 3090 786 3165 reipublicae
809 3109 929 3165 operam
951 3110 1033 3149 suam
1056 3091 1209 3149 tribueret.

312 3188 476 3248 Seditiones
504 3194 534 3246 et
555 3191 655 3247 motus
676 3188 772 3259 Marii,
796 3188 913 3259 Cinnae,
937 3187 1077 3247 Carbonis
1099 3189 1136 3262 (a.
1160 3187 1339 3261 870—84⁰¹¹¹)

273 3307 340 3345 eum
362 3306 397 3345 ex
418 3287 531 3345 oriente
552 3291 767 3346 revocaverunt
788 3289 819 3345 et
836 3288 917 3346 venit
929 3305 996 3345 cum
1009 3287 1140 3345 exercitu
1150 3286 1338 3362 paratissimo

272 3384 309 3442 ad
330 3385 437 3455 omnia,
458 3403 534 3460 quae
555 3384 691 3443 iussurus
713 3387 800 3456 esset,
820 3385 997 3459 perficienda
1007 3384 1041 3458 4),
1062 3383 1113 3443 sed
1131 3402 1190 3443 non
1201 3387 1237 3442 ut
1247 3384 1339 3442 domi·

271 3484 421 3542 nationem
442 3487 604 3558 appeteret,
626 3503 730 3543 verum
751 3487 787 3542 ut
808 3483 1087 3559 acceptasniniurias
1100 3483 1295 3541 ulcisceretur
1305 3482 1338 3556 ⁶).

272 3581 421 3656 Principio
451 3581 481 3637 in
513 3582 608 3640 socios
639 3581 759 3640 italicos
791 3600 849 3640 non
881 3582 1048 3640 saeviturus
1080 3584 1159 3652 erat;
1195 3580 1245 3639 sed
1273 3583 1338 3638 tum

273 3679 392 3738 demum
413 3678 587 3753 inplacabile
609 3679 711 3738 odium
732 3681 762 3737 in
784 3699 834 3739 eos
856 3680 996 3756 suscepit,
1018 3683 1179 3755 postquam
1195 3679 1235 3754 hi,
1252 3678 1340 3737 veriti

272 3797 309 3836 ne
336 3776 524 3852 irreparabile
546 3776 686 3835 damnum
708 3780 760 3836 aut
781 3796 884 3837 eorum
904 3777 1141 3853 possessionibus
1163 3780 1214 3836 aut
1237 3794 1339 3852 corpo·

286 4071 289 4077 ’
316 4077 334 4139 ¹)
359 4085 559 4132 Mommsenio.
577 4099 602 4145 p.
621 4086 678 4133 aro.
699 4109 728 4119 -
749 4077 766 4142 ἢ
782 4086 848 4133 raro.
856 4099 879 4146 p.
891 4088 955 4145 ar1;
973 4087 1039 4135 Pius.
1050 4088 1119 4134 sura
1130 4089 1159 4133 10
1169 4088 1224 4134 rna.
1236 4082 1266 4141 (a
1278 4078 1338 4141 aab.

276 4159 294 4224 ¹³]
311 4170 453 4217 Mommsen
469 4184 494 4229 p.
514 4171 578 4227 2583
597 4171 653 4217 Liv.
672 4184 711 4230 ep.
732 4172 779 4228 773
797 4172 861 4231 App.
871 4172 899 4218 B.
911 4172 937 4217 Ο.
948 4172 969 4226 Ι,
989 4174 1027 4218 59.
1048 4198 1076 4206 -
1098 4164 1117 4226 ⁴)
1133 4173 1255 4228 Plut.27;
1274 4172 1338 4231 App.

274 4252 302 4301 B.
322 4255 347 4300 C.
366 4255 386 4311 I,
406 4257 446 4313 79,
464 4255 551 4302 Mithr.
572 4256 611 4302 51.
632 4281 661 4288 -
683 4247 701 4311 ⁵)
718 4257 781 4316 App.
801 4257 830 4303 B.
849 4257 875 4303 O.
893 4258 913 4313 Ι,
933 4258 972 4314 77,
989 4248 1067 4310 ,,ἀλλ’
1082 4249 1237 4297 rectinaret
1249 4249 1337 4298 τοῖσδε

274 4336 412 4406 (affinibus)
433 4335 478 4379 aul
496 4338 532 4397 τῇ
550 4331 629 4381 πόλει
647 4333 718 4398 πιέσῃ
737 4335 849 4402 τιμωρὸς
868 4333 941 4399 ᾖξαν
959 4335 1002 4382 ἐπὶ
1021 4334 1084 4391 τοὺς
1102 4334 1297 4402 εἰργασμένους.
