2916 5062
646 459 685 518 23

130 622 240 695 potest,
273 622 375 679 contra
405 619 453 679 hic
484 620 521 680 ob
544 619 665 678 eandem
687 639 806 679 oausam
827 621 948 681 minoris
969 621 1120 682 faciendus
1142 625 1195 682 est.

131 717 226 787 Quam
238 717 348 777 maiore
360 718 446 777 laude
459 718 566 794 dignus
577 719 684 777 fuisset
696 718 729 790 si,
741 737 799 777 non
811 719 946 790 aliorum,
960 720 1011 778 sed
1022 739 1090 779 suas
1103 721 1195 796 ipsius

130 816 260 875 rationes
291 816 414 876 iniisset.
456 815 498 875 Ut
519 817 634 875 animus
655 816 685 874 in
706 816 842 876 remediis
864 817 1006 892 eligendis
1027 837 1095 877 eum
1116 819 1196 878 fefel-

131 913 222 984 lisset,
255 914 311 973 hoc
343 915 448 973 saltem
479 934 566 975 nemo
598 914 759 991 opprobrio
791 915 818 973 ei
849 918 963 975 vertere
984 917 1093 993 potuit,
1115 917 1196 992 quod

131 1011 273 1071 scelestus
295 1022 324 1071 et
345 1012 475 1072 furiosus
497 1013 626 1072 famulus
647 1012 787 1089 partium,
811 1033 884 1089 quas
906 1013 1195 1089 ipseminimeaesti·

130 1109 233 1180 mavit,
254 1110 351 1169 factus
373 1113 458 1169 esset.
482 1111 577 1181 Quam
598 1111 764 1170 Mommsen
784 1130 853 1170 mox
874 1111 946 1170 dicit
970 1111 1196 1183 ,Abwesenheit

131 1206 182 1266 des
203 1207 381 1283 politischen
400 1208 578 1284 Egoismus''
592 1208 625 1281 1),
647 1229 681 1267 ea
701 1209 756 1267 hac
768 1209 934 1269 conditione
944 1212 1061 1268 tantum
1073 1210 1103 1267 in
1114 1210 1197 1270 Sulla

130 1304 278 1364 laudanda
298 1307 414 1379 fuisset,
427 1307 452 1366 si
462 1313 515 1367 ant
526 1328 543 1366 a
553 1307 709 1384 puniendis
721 1307 845 1367 inimicis
857 1312 888 1366 et
898 1328 915 1366 a
926 1309 1116 1384 temperanda
1128 1309 1195 1369 civi-

130 1406 193 1463 tate
208 1424 330 1481 prorsus
347 1405 546 1477 abstinuisset,
559 1409 612 1464 aut
622 1407 737 1464 muneri
748 1409 778 1464 et
789 1407 885 1466 officio
895 1409 1062 1482 praeclarae
1074 1412 1103 1467 et
1114 1408 1194 1467 inno-

132 1503 225 1562 centis
245 1504 368 1564 rationis
390 1504 513 1564 alicuius
535 1507 634 1564 totum
649 1524 680 1564 se
692 1504 830 1573 dedisset,
843 1525 918 1581 quae
930 1525 964 1563 ex
975 1505 1038 1564 eius
1050 1506 1195 1566 sententia

131 1601 169 1659 ad
195 1601 333 1661 effectum
353 1602 541 1678 perducenda
561 1606 648 1674 esset,
670 1602 786 1661 etiamsi
806 1603 883 1662 forte
904 1603 978 1661 dura
999 1603 1144 1679 quaedam
1166 1607 1196 1664 et

131 1699 316 1759 vehementia
336 1701 465 1759 remedia
485 1701 660 1776 postularet.
682 1701 707 1759 Ε
730 1702 886 1772 contrario,
909 1701 933 1760 si
955 1701 1021 1777 quis
1036 1702 1194 1777 rogaverit,

130 1816 191 1873 qua
210 1817 242 1855 re
264 1797 346 1856 Sulla
366 1801 519 1874 permotus
535 1798 679 1858 nobilium
690 1800 897 1875 propugnator
908 1799 1005 1858 factus
1017 1799 1064 1870 sit,
1076 1818 1194 1876 respon-

131 1894 261 1954 dendum
282 1915 346 1954 esse
366 1896 484 1955 videtur
500 1897 630 1973 primum
640 1897 806 1973 praeceptis
819 1900 849 1956 et
860 1897 1015 1968 institutis,
1028 1916 1103 1973 quae
1113 1902 1194 1973 post·

130 2013 220 2069 quam
231 1994 346 2053 iuvenis
357 1995 398 2053 eis
410 1994 543 2054 imbutus
555 1998 609 2066 est,
618 1995 758 2071 grandior
769 1995 865 2054 factus
877 1996 991 2072 accepit
1003 1994 1132 2071 quidom,
1141 1996 1193 2055 sed

130 2111 206 2167 quoe
237 2092 301 2168 ipse
322 2092 401 2150 haud
422 2092 522 2168 magni
542 2093 685 2152 momenti
706 2093 796 2165 fecit;
819 2093 923 2152 deinde
944 2112 1014 2153 vero
1035 2094 1193 2169 praecipuo

130 2189 293 2265 cupiditate
314 2193 449 2266 acceptas
470 2190 592 2249 iniurias
612 2190 781 2250 ulciscendi.
803 2191 882 2250 Huic
902 2191 1007 2251 ultioni
1029 2211 1087 2251 non
1105 2192 1194 2251 modo

131 2286 313 2346 adversarias
343 2291 443 2364 partes
474 2307 635 2364 earumque
667 2288 814 2361 instituta,
836 2309 912 2366 quae
934 2289 961 2348 ei
981 2289 1193 2366 impedimento

130 2385 258 2457 fuerant,
290 2385 342 2444 sed
373 2386 461 2445 etiam
492 2386 573 2462 ipsos
604 2386 738 2446 homines
760 2389 790 2445 et
810 2390 913 2462 gentes
935 2387 1048 2458 Italiae,
1071 2407 1146 2463 quae
1167 2388 1194 2446 ei

131 2483 311 2554 restiterant,
334 2484 540 2543 condonandas
562 2504 625 2543 esse
639 2484 800 2544 arbitratus
812 2488 865 2544 est.
889 2484 933 2543 Ob
946 2505 1011 2544 eam
1023 2504 1150 2558 causam,
1162 2490 1198 2546 ut

133 2582 263 2657 primum
284 2583 446 2641 ulciscendi
463 2582 620 2658 cupiditati
632 2582 783 2655 satisfecit,
795 2587 955 2660 postquam
966 2584 1087 2661 insuper
1097 2589 1198 2645 vetera

131 2679 278 2752 instituta,
300 2701 395 2756 nuper
416 2701 433 2739 a
454 2679 594 2740 Gracchis
615 2681 739 2757 aliisque
761 2682 831 2741 viris
852 2681 1047 2758 popularibus
1069 2683 1196 2756 sublata,

132 2779 264 2838 restituit
284 2782 314 2838 et
335 2799 420 2855 opus,
442 2778 523 2855 quod
544 2778 600 2838 sibi
621 2779 812 2855 imposuerat,
830 2780 964 2856 perfecit,
980 2780 1195 2857 nltropergera

132 2877 159 2936 ei
178 2896 237 2936 non
258 2877 354 2936 libuit.
396 2877 536 2936 Vanitate
558 2880 610 2937 aut
632 2877 793 2937 ambitione
813 2879 891 2937 inter
912 2880 989 2937 cives
1011 2897 1081 2938 suos
1103 2881 1196 2938 excel·

131 2973 210 3034 leudi
241 2980 293 3035 aut
322 2976 500 3035 anctoritate
521 2976 724 3053 praepollendi
746 3011 781 3019 —
803 2979 839 3035 ut
861 2975 987 3052 supra2)
1009 2976 1135 3036 diximus
1160 3013 1195 3022 —·

131 3095 253 3152 prorsus
275 3075 412 3146 carebat3
434 3094 530 3151 neque
552 3075 623 3134 satis
644 3075 757 3150 patriae
779 3075 887 3134 amoris
908 3075 935 3132 ei
956 3078 1027 3146 erat,
1048 3079 1084 3134 ut
1104 3095 1195 3136 novas

131 3171 211 3249 leges
242 3174 370 3250 perlatas
403 3173 597 3232 confirmaret.
639 3172 701 3231 Nec
726 3173 820 3248 magis
842 3173 871 3229 in
893 3191 927 3231 eo
949 3175 1012 3231 erat
1032 3173 1083 3251 ris¹
1099 3177 1195 3233 certae

130 3273 338 3348 persuasionis
361 3291 437 3349 quae
458 3272 556 3331 omnia
576 3270 712 3346 publicae
734 3271 776 3329 rei
797 3270 956 3346 posthabet
977 3274 1007 3330 et
1018 3291 1092 3348 quae
1104 3274 1195 3349 cipro

131 3369 252 3429 stimmo
284 3390 347 3431 esse
378 3373 527 3448 potuerat,
559 3373 705 3444 utquam
727 3368 892 3428 diutissime
914 3388 1060 3428 summam
1081 3370 1196 3447 imperii

130 3468 160 3525 in
193 3468 312 3527 civitate
342 3472 464 3530 teneret.
510 3468 562 3542 ,Iu
594 3467 703 3528 seinem
734 3466 873 3538 Munde”,
902 3467 1000 3543 inquit
1019 3467 1193 3540 Mommsen,

135 3586 213 3639 ,war
243 3584 274 3624 es
305 3565 389 3623 keine
420 3567 539 3638 Pbrase,
572 3567 640 3626 dasz
672 3565 733 3624 ihm
762 3565 807 3624 die
830 3564 1016 3624 offentliohen
1038 3563 1193 3625 Geschafte

134 3665 215 3737 ,eine
236 3664 308 3722 Last
329 3663 418 3734 seien,
439 3663 485 3721 die
507 3684 539 3722 er
556 3664 675 3736 abwarf,
689 3684 722 3724 so
733 3665 788 3723 wie
800 3683 831 3722 er
842 3663 939 3722 durfte
950 3663 1012 3722 und
1023 3664 1194 3739 konntc”³).

131 3764 237 3840 Itaque
268 3762 324 3821 hac
344 3761 375 3820 in
396 3781 427 3820 re
449 3779 568 3838 quoque
589 3763 687 3821 virum
708 3780 739 3820 se
760 3762 910 3836 praestitit
930 3761 1005 3819 mira
1025 3765 1055 3820 et
1075 3762 1194 3822 insolita

130 3869 246 3929 indole:
273 3858 347 3940 ,roi
369 3859 453 3940 μοι”,
476 3868 518 3927 ait
538 3867 702 3944 Appianus,
728 3864 858 3938 ,daton
879 3861 936 3937 μὲν
950 3860 1003 3919 καὶ
1016 3857 1085 3920 τόδε
1098 3859 1193 3922 αὑτοῦ

134 3966 401 4048 ,καταφαίνεταῃ
439 3963 566 4045 τοσήνδε
600 3963 699 4049 ἀρχὴν
722 3967 847 4047 πρῶτον
870 3963 996 4046 ἀνδρῶν
1021 3966 1073 4025 καὶ
1095 3969 1192 4044 μόνον

135 4076 185 4154 ,ἐς
197 4077 265 4136 τότε
277 4069 424 4150 Σύλλαν,
437 4069 564 4143 οὐδενὸς
576 4070 769 4149 ἐπείγοντος,
783 4068 968 4132 ἀποθέσθαι
973 4117 983 4148 ,
997 4070 1033 4134 οὐ
1045 4069 1156 4134 παισίν
1172 4117 1193 4134 ..

130 4238 334 4246 ———

170 4321 187 4389 ¹)
205 4329 221 4380 1.
242 4344 262 4378 c.
282 4354 312 4362 -
332 4320 351 4385 ¹)
369 4329 449 4393 Sapra
466 4341 490 4393 p.
510 4329 549 4376 15.
570 4354 600 4362 -
620 4319 639 4384 ³)
656 4328 798 4375 Mommsen
814 4340 839 4389 p.
858 4326 915 4376 376.
