2916 5062
707 455 745 518 216

193 621 304 678 tionem
337 621 483 696 pertinere
505 640 564 680 non
585 623 720 696 possunt,
742 621 766 679 is
791 621 922 694 singulas
943 620 1031 678 buius
1054 620 1122 678 belli
1145 619 1263 694 aspredi-

194 719 298 787 lionae,
322 717 498 788 obsidiones
520 718 633 792 proelia
653 719 719 775 tum
740 719 837 776 solum
859 717 980 775 uberius
1001 716 1139 792 persequi
1149 717 1262 792 potuit,

196 816 220 873 si
252 835 352 872 earum
384 834 482 872 rerum
515 814 736 889 descriptiones,
759 818 812 872 aut
833 835 849 871 a
870 798 997 872 testibus
1019 815 1144 884 oculatis
1166 814 1263 871 factas

194 915 247 970 aut
268 913 303 970 ab
325 912 493 970 hominibus
516 912 567 986 qui
589 930 622 969 ex
645 911 686 969 eis
708 912 927 986 quaesiverunt,
940 912 1133 981 exstiterunt3
1146 912 1262 987 reliqua

192 1010 354 1068 necessarie
375 1010 504 1068 breviter
526 1025 555 1067 et
577 1010 747 1067 summatim
769 1009 947 1068 absolvenda
969 1014 1060 1067 erant.

234 1109 371 1184 inspecta
393 1107 526 1166 Sallustii
546 1108 714 1165 narratione
736 1112 860 1182 apparet
881 1107 961 1182 apud
982 1127 1048 1165 eum
1070 1127 1172 1166 revera
1187 1125 1260 1164 non-

194 1207 342 1264 nullarum
363 1206 433 1264 belli
453 1205 584 1281 partium
607 1205 843 1264 accuratissimas
865 1209 894 1263 et
915 1206 1114 1280 pragmaticas
1132 1205 1261 1279 descrip-

193 1305 288 1363 tiones
320 1304 452 1375 inveniri
486 1303 521 1361 ab
554 1304 646 1362 altera
677 1307 761 1378 parte
792 1303 964 1377 longissima
995 1304 1138 1378 temporis
1164 1303 1263 1378 spatia

194 1421 266 1472 esse,
289 1421 364 1477 quae
385 1401 514 1460 breviter
535 1405 653 1460 tantum
674 1405 704 1459 et
724 1401 827 1476 paucis
849 1401 985 1460 absolvit.
1014 1401 1072 1460 Pro
1090 1404 1170 1459 certo
1189 1420 1260 1458 sane

194 1519 253 1559 non
284 1499 415 1558 dicemus
446 1500 551 1557 harum
579 1499 709 1574 partium
730 1498 881 1558 uberiores
903 1500 1085 1558 narrationes
1108 1519 1141 1557 ea
1163 1502 1261 1557 aetate

195 1599 290 1657 nullas
303 1598 436 1668 affuisse3
450 1617 517 1655 nam
528 1597 640 1655 sactum
653 1616 716 1655 esse
727 1599 828 1671 potest
838 1600 873 1655 ut
884 1597 1042 1656 Sallustius
1054 1597 1116 1672 ipse
1128 1616 1261 1655 nonnun·

196 1715 284 1771 quam
307 1696 432 1754 fusiores
453 1715 553 1754 rerum
574 1695 651 1754 bello
673 1697 824 1770 gestarum
841 1694 1052 1770 descriptiones
1064 1714 1137 1771 quas
1149 1697 1264 1769 legerat

196 1794 225 1851 in
247 1794 337 1852 libros
360 1812 429 1852 suos
451 1794 558 1851 referre
581 1792 788 1868 supersederit,
811 1792 891 1868 quod
906 1796 1072 1852 memoratu
1083 1811 1142 1851 non
1153 1793 1261 1866 dignae

197 1891 252 1949 sibi
283 1892 471 1962 vide1·entu1·;
495 1891 546 1949 sed
573 1891 608 1948 dc
629 1891 674 1949 his
696 1890 830 1966 partibus
853 1911 869 1948 a
891 1891 1030 1949 Sallustio
1052 1891 1154 1967 paucis
1177 1890 1261 1949 abso·

195 1991 266 2047 lutis
288 1990 383 2047 dicere
404 1989 508 2064 utique
530 1988 600 2046 licet
621 2008 698 2059 eum,
720 1993 755 2046 ut
776 1989 828 2047 bas
849 1992 949 2064 partes
972 1988 1177 2057 conscriberet,
1200 2008 1260 2046 non

194 2087 326 2145 hausisse
358 2105 392 2144 ex
420 2084 605 2144 uberioribus
627 2086 769 2156 fontibus,
792 2086 908 2144 etiamsi
929 2086 1104 2144 exstiterint.
1147 2086 1259 2143 Earum

196 2189 296 2242 autem
321 2203 420 2241 rerum
441 2183 587 2254 notitiam,
610 2203 685 2258 quae
707 2183 868 2242 fusioribus
890 2183 1108 2242 narrationibus
1131 2185 1260 2242 contine·

196 2286 253 2353 tur,
287 2284 403 2340 constat
434 2301 484 2339 ex.
500 2300 601 2340 eorum
628 2281 758 2340 virorum
781 2282 919 2357 operibus
942 2282 977 2339 ad
1000 2281 1174 2340 Sallustium
1195 2302 1260 2357 per-

193 2381 316 2451 venisse,
339 2399 414 2456 quae
436 2399 470 2438 ea
491 2383 595 2451 aetate,
618 2400 677 2456 qna
697 2399 744 2438 res
765 2380 860 2438 sactae
882 2383 960 2451 sunt,
983 2381 1166 2456 conscriptae
1189 2380 1257 2438 sint.

196 2478 227 2536 Si
248 2478 305 2536 illis
328 2477 433 2536 addere
454 2496 610 2553 possemus
633 2497 733 2536 omnes
755 2477 937 2536 narrationes
958 2479 1166 2553 pragmaticas,
1185 2498 1259 2553 quas

195 2595 252 2634 non
275 2575 433 2634 Sallustius
455 2575 562 2633 litteris
584 2575 743 2646 mandavit,
767 2575 818 2634 sed
839 2594 914 2650 quae
937 2580 1069 2634 servatae
1085 2580 1169 2634 erant
1180 2575 1260 2651 apud

195 2674 267 2733 alios
289 2678 425 2732 auctores
446 2677 482 2731 ut
503 2673 660 2731 Claudium
682 2672 918 2748 Quadrigarium,
931 2672 1082 2731 Valerium
1097 2674 1259 2744 Antiatem,

195 2771 323 2842 Livium,
355 2770 469 2841 Iubam,
498 2771 639 2829 sciremus
661 2790 737 2845 quae
759 2771 828 2828 belli
848 2778 947 2846 partes
970 2771 1087 2846 copiose
1110 2774 1140 2829 et
1160 2772 1259 2842 ubere,

196 2870 256 2930 sive
289 2867 398 2927 Graece
430 2869 556 2944 scriptae
589 2869 649 2926 sive
672 2869 784 2939 Latine,
806 2868 964 2928 memoriae
987 2873 1119 2927 servatae
1141 2869 1259 2938 fuerint,

196 2987 272 3044 quae
303 2968 408 3026 minus.
452 2966 536 3037 Quod
569 2987 647 3025 nunc
681 2967 800 3043 quidem
821 2967 917 3025 facere
938 2986 997 3025 non
1018 2986 1186 3042 possumus,
1210 2967 1260 3024 sed

196 3066 226 3123 in
257 3066 307 3136 eis,
340 3085 415 3141 quae
445 3085 535 3140 supra
556 3065 779 3136 illustravimus,
801 3066 849 3123 hic
871 3065 930 3123 illic
952 3069 1051 3124 tamen
1072 3067 1198 3140 vestigia
1219 3066 1260 3122 in-

197 3164 339 3234 venimus,
372 3183 447 3240 quae
479 3162 657 3222 documento
690 3166 768 3233 sunt,
801 3166 919 3238 praeter
950 3183 983 3222 ea
1005 3183 1080 3239 quae
1102 3163 1260 3221 Sallustius

195 3261 291 3320 fusius
311 3261 443 3331 tradidit,
466 3260 606 3319 nonnulla
627 3260 728 3330 fuisse,
752 3280 768 3317 a
789 3259 930 3319 Sallustio
951 3262 1055 3337 paucis
1077 3261 1196 3336 quidem
1212 3261 1260 3319 ab·

197 3347 319 3431 solutas
336 3359 388 3417 sed
422 3359 457 3417 de
489 3359 597 3434 quibus
629 3358 819 3417 nihilominus
850 3362 950 3417 tamen
981 3379 1083 3418 revera
1108 3366 1261 3418 accuratae

197 3457 408 3532 descriptiones
429 3457 613 3515 exstiterunt.

237 3555 281 3613 Ex
312 3559 473 3630 conspectu
506 3573 596 3629 supra
628 3553 697 3612 dato
729 3557 851 3629 apparet
883 3554 1057 3624 Sallustium
1079 3555 1223 3614 derebus
1246 3576 1262 3612 a

197 3653 229 3710 L.
253 3652 411 3728 Calpurnio
432 3652 533 3710 Bestia
555 3652 673 3710 consule
694 3653 761 3709 anni
781 3653 845 3710 111ἰ
858 3654 950 3727 gestis
962 3654 1033 3710 nibil
1046 3653 1125 3728 quod
1137 3654 1261 3711 alicuius

199 3753 340 3810 momenti
372 3757 417 3809 est
448 3749 603 3809 tradidisse
618 3749 651 3823 1).
693 3749 796 3827 Neque
829 3751 923 3825 magis
946 3752 1104 3827 quicquam
1126 3772 1223 3809 rerum
1247 3772 1263 3808 a

199 3941 411 3949 ffl—

199 4071 257 4116 dam
274 4071 369 4126 liberti,
387 4070 612 4129 Carthaginiensis,
631 4082 695 4128 quos
713 4070 782 4117 Sulla
799 4083 849 4116 non
868 4084 1022 4117 memorasse
1040 4071 1149 4117 videtur.
1170 4072 1264 4119 Varisi-

199 4157 259 4201 mile
280 4159 320 4202 est
344 4170 430 4201 eorum
447 4156 550 4202 nomina
568 4169 597 4201 ex
615 4155 693 4201 Iubae
711 4168 787 4214 opere
807 4155 836 4200 ad
855 4156 997 4214 Appianum
1016 4157 1124 4201 venisse.
1160 4157 1266 4201 Accedit

199 4241 267 4298 quod
284 4241 428 4299 Magdalses
447 4241 556 4286 sortasse
575 4239 641 4285 idem
660 4244 700 4284 est
718 4243 793 4298 atque
811 4241 959 4297 Nabdalses,
977 4241 1020 4298 qui
1039 4243 1112 4285 antea
1128 4254 1184 4285 cum
1195 4255 1264 4286 exer-

199 4325 252 4371 citu
269 4325 407 4384 Iugurthae
426 4325 520 4372 auxilio
539 4324 621 4382 renit;
640 4324 698 4370 Sall.
720 4325 759 4381 70,
779 4326 801 4382 2,
819 4326 833 4369 4
844 4338 850 4382 ;
871 4325 910 4382 71,
931 4326 952 4382 1,
973 4326 995 4372 5.
1016 4350 1046 4357 —
1068 4316 1085 4379 ¹)
1103 4338 1180 4384 supra
1188 4339 1213 4386 p.
1225 4328 1263 4371 28.
