2916 5062
711 475 748 534 10

193 637 332 714 proprius
343 636 545 695 Romanorum
557 637 635 695 erat:
656 636 867 695 ‘oentaculum’
879 637 909 694 et
918 634 1078 695 ‘ricinium’
1091 636 1259 712 gestabant.

233 743 339 818 Itaque
360 762 396 801 ex
417 761 497 815 voce,
520 762 579 818 qua
600 744 778 802 Plutarchus
800 743 905 814 utitur,
929 761 1004 818 quae
1027 749 1072 801 est
1094 730 1262 815 λυσιῳδός,

193 839 374 899 Metrobium
398 859 457 900 non
479 841 570 899 alium
591 841 741 901 hominem
762 840 819 899 nisi
839 839 964 920 mimum
985 840 1032 900 vel
1053 839 1262 898 archimimum

192 939 283 997 fuisse
304 941 340 996 ut
361 937 501 1010 Soricem,
524 942 554 997 et
574 939 689 997 fabulas
712 938 810 997 Sullae
829 937 866 996 ad
883 938 1041 996 mimorum
1053 955 1147 1012 genus
1158 937 1264 996 referri

193 1035 298 1095 debere
321 1037 432 1095 efficere
454 1037 532 1095 licet.
564 1036 753 1096 Vocabulum
773 1054 902 1112 quoque,
925 1054 984 1111 quo
1002 1035 1263 1095 NicolausDama·

194 1161 298 1202 scenus
316 1144 422 1215 utitur,
440 1143 520 1219 quod
541 1147 587 1202 est
611 1137 797 1216 ,σατυρικαὶ
822 1131 1016 1214 κωμῳδίαι”,
1039 1144 1108 1201 huic
1129 1143 1264 1219 opinioni

192 1241 290 1312 savet;
312 1242 337 1300 is
359 1242 395 1300 de
417 1242 526 1301 saturis
548 1242 695 1318 cogitasse
716 1241 842 1301 videtur.
885 1241 950 1310 Qua
973 1260 1040 1300 vero
1057 1242 1088 1299 in
1098 1261 1130 1300 re
1141 1245 1261 1300 saturae

195 1358 271 1415 quae
293 1339 458 1414 agebantur
479 1360 495 1398 a
515 1340 613 1399 mimis
636 1340 858 1416 discrepuerint,
880 1339 960 1398 haud
980 1339 1065 1398 facile
1087 1340 1203 1399 dixeris.

234 1435 383 1495 Nimirum
411 1438 518 1497 horum
546 1438 700 1497 hominum
722 1437 904 1497 consuetudo
925 1455 1022 1496 mores
1044 1438 1107 1496 eius
1128 1438 1265 1513 impuros

191 1533 329 1607 reddidit,
351 1535 406 1594 hac
427 1555 458 1594 re
479 1536 509 1594 in
529 1536 632 1611 primis
652 1536 732 1612 quod
749 1536 818 1596 vino
829 1554 1008 1611 magnopere
1020 1555 1088 1594 enm
1100 1535 1261 1595 indulsisse

193 1640 292 1699 Sullae
312 1641 386 1701 vitio
407 1640 551 1700 tribuitur
572 1642 605 1717 1).
627 1643 806 1702 Plutarchus
831 1642 966 1714 ,ταύτης
979 1630 1011 1695 δὲ
1026 1637 1078 1711 τῆς
1090 1631 1261 1711 ἇαὲῦιως”,

192 1749 242 1823 ait,
271 1737 373 1818 ,ἔοικε
398 1738 564 1817 γεγονέναι
580 1743 699 1822 νόσημα
713 1742 765 1802 καὶ
784 1741 891 1822 η’πρός
904 1740 975 1810 roric
988 1738 1106 1821 ἔρωτας
1119 1738 1263 1824 εὐχέρεια

197 1846 269 1926 „acri
296 1848 381 1929 ῥύσις
406 1846 500 1908 αὐτοῦ
526 1851 579 1926 τῆς
603 1844 812 1929 φιληδονίας”
837 1846 873 1932 2).

232 1953 267 2010 ln
298 1952 349 2012 illo
382 1953 492 2013 circulo
523 1953 605 2013 Sulla
625 1954 740 2014 iuvenis
761 1954 919 2031 Nicopolin
940 1954 1118 2025 libertinam,
1140 1954 1176 2013 de
1198 1973 1260 2030 qua

192 2070 283 2126 supra
320 2050 457 2127 diximus,
497 2052 581 2111 cuius
621 2053 833 2112 consuetudine
871 2072 966 2129 usque
998 2053 1036 2110 ad
1067 2055 1260 2128 quaesturam

191 2149 333 2208 utebatur
353 2149 387 2223 3),
410 2168 553 2225 cognosse
574 2151 701 2210 videtur.
735 2150 858 2210 Constat
877 2171 945 2210 eum
962 2151 1143 2222 libidinibus,
1156 2152 1262 2224 amori,

192 2248 261 2307 vino
284 2266 400 2322 semper
420 2266 451 2306 se
473 2247 597 2319 dedisse,
619 2248 708 2307 facies
730 2267 849 2325 quoque
872 2249 934 2308 eius
949 2250 1007 2307 iam
1027 2251 1123 2307 aetate
1138 2268 1261 2324 provec-

192 2346 276 2404 tioris
308 2345 386 2403 idem
408 2345 589 2421 significasse
610 2346 749 2418 videtur;
771 2350 871 2406 truces
892 2346 972 2407 oculi
993 2346 1019 2406 ei
1040 2350 1132 2418 erant,
1155 2366 1262 2422 aspera

191 2442 334 2502 rubedine
367 2462 434 2502 cum
460 2443 590 2503 sufflavis
612 2445 735 2503 maculis
757 2446 965 2516 efflorescente,
987 2444 1066 2503 unde
1087 2445 1185 2504 nescio
1207 2445 1263 2520 qni

192 2541 381 2600 Atheniensis
404 2541 557 2601 cavillator
577 2561 630 2618 per
651 2543 750 2601 iocum
770 2543 827 2602 hoc
849 2543 940 2602 dixit:
986 2543 1078 2614 ,Mori
1099 2542 1193 2602 instar
1214 2546 1263 2602 est

196 2640 295 2712 ,Sulla
326 2639 420 2697 farina
452 2641 620 2716 conspersi'’
642 2641 676 2716 4).
719 2642 873 2701 Plutarchi
894 2645 994 2701 autem
1016 2642 1261 2717 indignationem,

194 2737 274 2814 qnod
296 2737 377 2796 Sulla
400 2737 547 2797 cotidiana
569 2740 781 2799 consuetudine
803 2760 870 2800 oum
891 2740 1085 2799 histrionibus
1106 2738 1260 2812 utebatur,

192 2837 313 2895 nimiam
333 2836 425 2896 fuisse
436 2836 595 2897 verisimile
608 2841 662 2897 est.
683 2839 719 2897 ni
729 2839 863 2898 homines
875 2859 929 2914 pro
940 2839 1092 2898 vilissimis
1104 2841 1261 2914 tamquam

192 2935 366 3010 contagione
388 2935 516 3011 quadam
534 2936 650 2995 infectis
667 2936 860 3007 habebantur,
874 2939 957 2996 erant
968 2936 1091 2995 infames
1103 2940 1134 2995 et
1145 2937 1260 3008 aerarii,

190 3032 246 3090 ie.
278 3033 351 3092 iuris
383 3032 516 3108 suffragii
547 3033 576 3091 in
609 3035 735 3094 comitiis
767 3034 879 3094 ferendi
911 3037 1054 3110 expertes.
1098 3034 1189 3094 Cuius
1215 3034 1261 3094 rei

193 3149 283 3189 causa
312 3149 370 3189 non
402 3131 535 3207 nequitia
566 3132 617 3191 sed
651 3133 808 3192 artificium
840 3136 912 3191 erat.
953 3132 1051 3191 Etiam
1079 3133 1260 3195 Plutarchus

192 3229 311 3286 illorum
329 3228 482 3287 hominum
493 3229 693 3289 humilitatem
706 3250 773 3289 oum
784 3232 932 3306 pravitate
944 3231 1111 3290 confnd1sse
1122 3231 1260 3304 videtur3

193 3324 339 3385 amicitiae
371 3326 470 3385 Sullae
503 3347 570 3386 cum
601 3328 747 3388 Metrobio
775 3329 836 3388 sine
857 3330 918 3388 nlla
940 3348 1036 3400 causa,
1059 3330 1144 3406 quasi
1163 3329 1208 3389 ita
1228 3330 1261 3389 id

193 3450 223 3490 se
251 3431 374 3490 haberet
394 3451 512 3491 necesse
535 3437 621 3504 esset,
642 3437 744 3492 notam
765 3436 959 3512 turpitudinis
981 3440 1124 3513 tanquam
1147 3426 1262 3508 ἔρωτος

192 3529 285 3587 inurit
305 3528 339 3604 ὁ).
381 3529 445 3587 Iam
476 3530 507 3588 in
537 3530 626 3590 huius
658 3533 804 3592 amicitiae
836 3534 1030 3594 diuturnitate
1059 3535 1130 3594 satis
1152 3554 1260 3595 causae

193 3627 230 3686 ad
261 3647 330 3686 eum
360 3627 550 3688 refutandum
582 3629 677 3689 inesse
708 3631 834 3691 videtur.
878 3632 960 3691 Sulla
981 3633 1069 3692 huius
1090 3633 1146 3693 viri
1167 3634 1259 3693 etiarn

231 3900 248 3962 1)
266 3909 329 3957 Vide
347 3921 424 3967 supra
441 3923 467 3968 p.
486 3910 509 3966 l,
528 3913 640 3958 annotat,
659 3914 683 3969 2,
700 3915 723 3971 3,
741 3915 765 3960 4.
794 3940 823 3946 —
853 3906 955 3969 ⁹)P1ut.
973 3915 1042 3962 Sulla
1060 3918 1082 3961 2.
1104 3940 1132 3948 -
1153 3907 1172 3971 8)
1190 3918 1259 3966 Plut.

193 3995 224 4040 de
244 3994 314 4039 Fort.
331 3993 403 4040 Rern.
422 3995 445 4050 4,
465 3990 561 4053 (Didae,
578 4009 603 4054 p.
622 3993 687 4051 391).
708 4023 738 4030 -
758 3990 777 4053 4)
794 3999 860 4045 Plut.
879 3999 971 4046 Sulla2
983 3994 1044 4055 „2112
1053 3992 1261 4060 vev‘Aerpqa

194 4071 373 4137 ,yrpvproro'rr
391 4070 524 4130 ε’,τέσκοιψέ
542 4091 583 4129 τις
602 4076 641 4130 εἰς
658 4077 741 4123 τοῦτο
759 4079 870 4141 ποιήσας
887 4075 1110 4137 ‘crawemerse'
1124 4077 1261 4138 ὁΣὺλλας

193 4153 310 4218 „dipirqr
328 4155 537 4214 aavaopirossst’
549 4189 579 4198 -
598 4156 616 4218 ³)
634 4166 701 4214 Plut.
720 4169 789 4214 Sulla
808 4171 821 4215 2
842 4161 1017 4229 „Mqrpofiior
1027 4162 1091 4229 ἓρῶιι
1102 4161 1260 4214 διετέλεσεν

193 4237 251 4304 „ica
275 4239 333 4296 νέος
360 4236 420 4305 ὤν,”
447 4249 473 4294 at
500 4250 540 4306 36,
569 4230 614 4306 „cir
642 4246 738 4312 καίπερ
762 4244 856 4312 ἐξώρου
875 4246 1017 4308 γενομένου
1037 4245 1157 4296 διετέλει
1173 4252 1260 4318 μεχρὶ

194 4324 308 4390 „scurror
326 4325 387 4391 ἐρᾶν
407 4324 455 4374 οὐκ
475 4324 660 4393 ἁρνοὺμενος.”
