2916 5062
639 473 677 530 21

122 633 204 691 ribus
227 633 348 691 inferret
370 633 402 707 1),
424 632 770 693 1111111101111111111
792 634 983 707 1111111112).
1027 634 1092 704 Quo
1110 634 1188 695 bello

123 731 258 791 confecto
279 734 349 806 post
369 750 500 806 pugnam
522 731 559 789 ad
579 735 697 808 portam
719 732 863 791 Collinam
884 732 993 790 factam
1015 731 1092 804 (Kal.
1110 732 1187 791 Nov.

122 849 148 887 a.
171 826 238 903 82³),
271 832 300 887 et
331 848 399 888 mox
427 832 626 904 expugnatam
648 830 847 906 Praenestam,
869 828 1010 899 Norbam,
1033 829 1187 905 Neapolin,

121 927 296 987 Aeserniam
323 931 353 986 11
381 926 418 986 ad
439 931 604 987 extremum
625 928 662 1001 (a.
686 928 749 1002 80⁰)
771 928 967 998 Volaterram,
989 927 1136 1004 rebusque
1158 929 1187 986 in

122 1024 221 1083 Sullae
243 1025 432 1084 commodum
452 1026 586 1097 mutatis,
608 1026 637 1084 in
658 1026 763 1084 urbem
780 1045 839 1085 non
855 1028 972 1083 tantum
983 1025 1187 1084 verumetiam

120 1123 152 1180 in
182 1119 300 1181 Italiam
332 1122 561 1183 dominationem
590 1124 646 1183 sibi
666 1128 830 1200 paraverat.
872 1123 949 1182 Tum
970 1123 1089 1182 demum
1110 1142 1186 1199 opus

120 1220 300 1296 reipublicae
321 1221 351 1278 in
372 1224 491 1297 tempus
512 1222 690 1282 ordinandae
712 1240 870 1296 aggressus
889 1222 1015 1279 alterum
1031 1220 1186 1280 dimidium

120 1317 230 1377 laboris
258 1319 413 1394 propositi,
435 1319 516 1396 quod
537 1322 601 1378 erat
621 1338 729 1377 munus
750 1319 938 1378 inimicorum
958 1318 1185 1394 puniendorum,

120 1417 261 1492 suscepit.
303 1417 572 1493 Proscriptionibus
605 1417 802 1494 caedibusque
834 1420 899 1477 tota
926 1416 1013 1475 Italia
1041 1417 1186 1475 exstincta

120 1517 151 1572 11
172 1515 344 1589 quaestione
366 1515 401 1573 de
424 1515 590 1574 conditione
611 1516 714 1574 futura
735 1516 885 1575 sociorum
903 1533 972 1574 mox
983 1516 1091 1585 soluta,
1103 1514 1186 1573 Sulla

119 1612 205 1671 facile
226 1631 348 1687 pergere
369 1613 470 1689 potuit
491 1614 624 1690 talesque
645 1614 726 1688 leges
747 1613 881 1689 pertulit,
903 1613 1013 1689 quibus
1032 1616 1186 1672 caveretur

118 1729 155 1768 11
187 1711 217 1768 11
247 1714 400 1786 posterum
429 1711 535 1786 opibus
558 1715 588 1770 et
609 1711 801 1771 dominationi
822 1710 966 1770 nobilium
987 1711 1182 1770 resisteretur.

118 1807 233 1866 Revera
254 1809 348 1867 maior
368 1808 558 1884 optimatium
579 1828 647 1885 pars
669 1829 738 1868 eum
758 1814 920 1885 utrumque
941 1829 1050 1868 munus
1069 1809 1185 1869 senatui

118 1906 273 1980 reliquisse
305 1906 418 1992 maluit.
475 1907 690 1983 ,Allerdings”,
722 1908 764 1967 ita
794 1907 960 1967 Mommsen
991 1908 1115 1979 ,meinte
1137 1907 1184 1966 die

122 2004 235 2077 ,Massa
257 2004 309 2063 der
328 2005 531 2076 Aristocratie,
554 2006 621 2064 dasz
640 2006 716 2081 jetat
736 2005 811 2064 nach
833 2006 899 2064 dem
917 2005 998 2065 Tode
1016 2005 1068 2064 der
1078 2003 1183 2063 beiden

119 2103 375 2174 ,revolution'aren
407 2104 536 2163 Consuln
568 2123 598 2162 es
626 2109 763 2180 geniigen
784 2104 890 2175 werde,
913 2104 959 2162 die
980 2103 1183 2180 gewbhnliche

120 2200 409 2277 ,Ergdnzungswahl
431 2221 467 2260 zu
487 2203 686 2261 veranstalten
707 2202 769 2261 und
790 2222 820 2262 es
842 2202 909 2261 dem
930 2203 1020 2261 Sonat
1041 2222 1077 2260 zu
1097 2201 1183 2260 iiber-

121 2298 243 2371 ,lassen
272 2317 332 2357 was
360 2299 421 2356 ihm
450 2318 503 2358 zur
523 2299 701 2375 Belohnung
722 2300 774 2358 der
795 2301 974 2376 siegreicben
991 2300 1108 2371 Armes,
1131 2319 1183 2359 zur

119 2395 317 2471 ,Bostrafung
348 2396 400 2454 der
433 2397 635 2472 sohuldigsten
667 2398 906 2469 Revolutionitre,
935 2401 1012 2457 etwa
1032 2398 1108 2457 auch
1130 2417 1182 2456 zur

122 2493 308 2568 ,Varhiiting
329 2494 479 2554 1111111111
499 2495 675 2555 Ausbriiche
697 2496 1185 2555 1111111111011111111111111111111

121 2592 244 2664 ,werde
285 2593 383 2651 Allein
415 2593 506 2665 Sulla,
537 2594 567 2652 in
600 2594 704 2653 dessen
735 2594 859 2653 Handen
891 2594 943 2653 der
970 2594 1039 2669 Sieg
1060 2594 1108 2652 fiir
1129 2594 1185 2652 den

121 2689 325 2766 ,Augenblick
356 2692 412 2750 alle
443 2692 544 2750 Maoht
575 2693 721 2769 vereinigt
752 2693 844 2764 hatte,
875 2693 1015 2751 urtheilte
1043 2693 1184 2767 riobtiger

122 2788 212 2860 ,iiber
243 2789 289 2848 die
319 2789 522 2849 Verh'altnisse
553 2791 615 2849 und
647 2791 693 2849 die
714 2791 872 2850 Personen.
913 2791 968 2849 Die
989 2790 1183 2850 Aristocratie

121 2887 229 2959 ,Roms
261 2907 322 2946 war
353 2888 382 2945 in
413 2888 493 2946 ihrer
524 2888 627 2948 besten
657 2889 777 2965 Epoche
798 2889 881 2948 nicht
901 2889 1183 2963 hinausgekommen

120 2985 210 3056 ,iiber
240 2986 286 3043 111
308 2986 376 3044 halb
398 2986 596 3062 groszartiges
618 2986 686 3045 halb
708 2986 855 3047 bornirtes
876 2987 1047 3046 Festhalten
1069 3008 1106 3046 an
1127 2987 1184 3046 den

121 3084 344 3154 ,iiberlieierten
375 3085 522 3156 Formen3
554 3086 609 3144 wie
631 3087 716 3145 sollte
738 3086 790 3144 das
812 3085 1024 3161 schweri‘ellige
1047 3087 1182 3161 collegia-

121 3183 228 3252 ,liscbe
261 3183 417 3258 Regiment
448 3183 543 3242 dieser
567 3183 633 3242 Zeit
659 3183 733 3241 dazu
754 3184 891 3242 kommen
910 3184 973 3242 eine
994 3184 1181 3243 umfassendc

120 3279 347 3352 ἰ8111111110111
368 3281 520 3357 energisch
542 3281 603 3339 und
624 3285 806 3358 consequent
827 3282 1107 3342 durebzufiihrcn?”
1120 3282 1143 3357 ³)

157 3377 203 3437 111
234 3378 319 3438 Sulla
348 3383 508 3456 postquam
540 3379 668 3438 alterum
700 3379 855 3438 dimidium
876 3379 995 3451 laboris,
1017 3381 1182 3457 quoderat

115 3477 266 3554 puniendi,
297 3479 397 3537 furore
428 3481 458 3537 11
488 3479 532 3536 111
563 3482 729 3538 commotus
760 3479 892 3553 perfecit,
924 3478 1012 3537 ctiam
1044 3480 1180 3553 alterum,

117 3576 198 3653 quod
219 3578 282 3634 erat
302 3574 481 3650 reipublicae
502 3576 532 3634 in
552 3577 708 3651 pristinam
729 3576 852 3635 formam
874 3576 1060 3651 redigendae,
1082 3597 1178 3638 susce·

116 3675 174 3750 pit,·
207 3693 296 3750 quam
321 3693 383 3731 rem
404 3692 463 3732 non
483 3675 588 3732 melius
610 3674 732 3748 aggredi
752 3674 852 3749 potuit
872 3694 962 3750 quam
983 3675 1128 3735 institutis
1149 3680 1179 3736 et

115 3771 290 3849 praeceptis
323 3790 399 3847 quae
431 3771 536 3847 optimi
565 3772 643 3830 cives
665 3771 906 3847 comprobabant,
928 3773 1096 3850 quibusque
1117 3776 1179 3851 ipse

116 3869 152 3929 ab
174 3869 328 3928 iuventute
349 3869 472 3940 faverat,
494 3869 531 3928 ad
550 3869 687 3928 effectum
701 3869 905 3944 perducendis.
927 3870 996 3929 Iure
1013 3871 1177 3932 Mommsen

115 3966 260 4026 intellexit
291 3986 359 4025 eum
380 3967 410 4025 in
430 3967 582 4044 republica
603 3966 767 4027 ordinanda
788 3967 984 4045 discrepuisse
1006 3989 1023 4028 a
1044 3970 1175 4044 Caesare,

152 4252 169 4314 Ι1
186 4259 249 4319 App.
268 4260 297 4305 1.
315 4261 341 4306 o.
360 4262 380 4318 1,
400 4263 438 4308 se.
458 4286 488 4293 -
509 4251 527 4315 ²)
546 4260 595 4308 cu.
614 4260 680 4308 Plus.
699 4261 768 4309 suna
786 4263 826 4322 29,
843 4261 907 4328 App.
925 4262 954 4311 Β.
973 4263 999 4310 0.
1018 4264 1038 4323 1,
1057 4265 1095 4310 eo.
1116 4288 1146 4296 -
1158 4255 1177 4320 ⁸)

115 4346 257 4397 Mommsen
274 4357 297 4413 p.
317 4346 373 4398 335,
